option "operating_currency" "INR"
2024-05-28 custom "fava-option" "auto-reload" "true"


include "dependencies/accounts.beancount"
include "dependencies/pads.beancount"
include "dependencies/balances.beancount"
include "dependencies/commodities.beancount"
include "dependencies/prices.beancount"
include "dependencies/budget.beancount"
include "dependencies/events.beancount"


2024-09-26 * "Opening Balance"
  Assets:Wallets:Zomato                             1000.00 INR
  Liabilities:CreditCard:Kotak

2024-09-26 * "Airbnb Payments India PVT" "Goa Trip" #GoaTrip
  id: "20240926_092828"
  Liabilities:CreditCard:Kotak                    -11317.80 INR
  Expenses:Travel:Accomodation

2024-09-26 * "Airbnb Payments India PVT" "Goa Trip" #GoaTrip
  id: "20240926_093326"
  Liabilities:CreditCard:Kotak                    -17656.48 INR
  Expenses:Travel:Accomodation


2024-09-25 * "SBI savings interest" ""
  id: "20240926_143326"
  Assets:Banks:SBI                                   632.00 INR
  Income:BankInterests


2024-09-27 * "TIFR Canteen" "Meal/snacks"
  id: "20240927_084147"
  Liabilities:Datanet                                -80.00 INR
  Expenses:Food:Canteen

2024-09-27 * "Order" ""
  Assets:Wallets:Zomato                             -198.18 INR
  Expenses:Food:Order


2024-09-27 * " SHIVAM PATEL " ""
  id: "20240927_203236"
  Assets:Banks:SBI                                     -401 INR
  Expenses:Utilities:Maintainence

2024-09-27 * "TIFR" "Salary"
  id: "20240928_030000"
  Assets:Banks:SBI                                 41086.00 INR
  Income:TIFR:Salary


2024-09-28 * "Challo App wallet" ""
  id: "20240928_173531"
  Assets:Banks:SBI                                     -200 INR
  Expenses:Travel:TaxiBus


2024-09-28 * " MUKUND NANASAHEB SHELAKE " ""
  id: "20240928_174445"
  Assets:Banks:SBI                                   -16000 INR
  Assets:Banks:Kotak

2024-09-28 * "" ""
  id: "20240928_184445"
  Assets:Banks:SBI                                    -1000 INR
  Assets:Wallets:PhonePay

2024-09-28 * "" ""
  id: "20240928_185445"
  Assets:Banks:SBI                                    -1000 INR
  Assets:Banks:SBI


2024-09-28 * " NEW PARIS HAIR CUTTING SALOON " ""
  id: "20240928_194711"
  Assets:Banks:SBI                                     -820 INR
  Expenses:Grooming:Haircuts


2024-09-28 * " MOHD HUSSAIN KHAN " ""
  id: "20240928_195039"
  Assets:Banks:SBI                                      -64 INR
  Expenses:Food:Outside


2024-09-28 * " COLABA SWEET MART " ""
  id: "20240928_195540"
  Assets:Banks:SBI                                     -175 INR
  Expenses:Food:Outside


2024-09-28 * " Mr SHESHNATH RAJKUMAR YADAV " ""
  id: "20240928_201648"
  Assets:Banks:SBI                                      -42 INR
  Expenses:Food:Canteen

2024-09-29 * "Kotak credit card bill" ""
  id: "20240929_093548"
  Assets:Banks:SBI                                 -8252.36 INR
  Income:Cashback                                        -2 INR
  Liabilities:CreditCard:Kotak

2024-09-30 * "Zomato" "Food delivery"
  id: "20240930_144310"
  Assets:Wallets:Zomato                             -256.98 INR
  Expenses:Food:Order


2024-09-30 * "Zomato" "Food delivery"
  id: "20240930_101647"
  Assets:Wallets:Zomato                             -217.08 INR
  Expenses:Food:Order


2024-10-01 * "Zomato" "Food delivery"
  id: "20241001_082240"
  Assets:Wallets:Zomato                             -247.53 INR
  Expenses:Food:Order


2024-10-01 * " Zomato Wallet " ""
  id: "20241001_211207"
  Assets:Banks:SBI                                    -1130 INR
  Assets:Wallets:Zomato


2024-09-30 * "Quarterly Bank Interests" "Kotak Savings"
  Assets:Banks:Kotak                                 120.00 INR
  Income:BankInterests

2024-10-01 * "Dividends" "JK Infra"
  Assets:Banks:Kotak                                  12.00 INR
  Income:Dividends


2024-10-02 * "Zomato" "Food delivery"
  id: "20241002_110718"
  Assets:Wallets:Zomato                             -217.08 INR
  Expenses:Food:Order


2024-10-02 * " SHIVAM PATEL " ""
  id: "20241002_201430"
  Assets:Banks:SBI                                     -230 INR
  Expenses:Food:Order


2024-10-02 * " Kotak life ins " "+18%"
  id: "20241002_202430"
  Liabilities:CreditCard:Kotak                      -358.20 INR
  Expenses:Subscriptions:KotakLife


2024-10-03 * " AZAD RAJKUMAR YADAV " ""
  id: "20241003_211330"
  Assets:Banks:SBI                                      -60 INR
  Expenses:Food:Grocery


2024-10-03 * " AZAD RAJKUMAR YADAV " ""
  id: "20241003_211439"
  Assets:Banks:SBI                                    -2000 INR 
  Assets:Receivables


2024-10-04 * "TIFR Canteen" "Meal/snacks"
  id: "20241004_085137"
  Liabilities:Datanet                                -52.00 INR
  Expenses:Food:Canteen


2024-10-04 * "Zomato" "Food delivery"
  id: "20241004_103940"
  Assets:Wallets:Zomato                             -217.08 INR
  Expenses:Food:Order


2024-10-05 * "Zomato" "Food delivery"
  id: "20241005_131248"
  Assets:Wallets:Zomato                             -280.08 INR
  Expenses:Food:Order


2024-10-06 * "Zomato" "Food delivery"
  id: "20241006_140344"
  Assets:Wallets:Zomato                             -217.08 INR
  Expenses:Food:Order


2024-10-08 * "TIFR Canteen" "Meal/snacks"
  id: "20241008_084708"
  Liabilities:Datanet                                -58.00 INR
  Expenses:Food:Canteen


2024-10-08 * "Upstox" "Topping up upstox account"
  id: "20241008_143542"
  Assets:Banks:Kotak                                  -3000 INR
  Assets:Wallets:UpstoxWallet

2024-10-08 * "Goldbees" "Purchase of 39 units of Goldbees"
  Assets:Stocks:Upstox:GOLDBEES                          39 GOLDBEES @@ 2493.17 INR
  Assets:Wallets:UpstoxWallet

2024-10-08 * " ROYAL DRY FRUITS " ""
  id: "20241008_194738"
  Assets:Banks:SBI                                     -175 INR
  Expenses:Food:Outside


2024-10-08 * " GUNAJI VIDYADHAR KOKATE " "Short" #GoaTrip
  id: "20241008_201004"
  Assets:Banks:SBI                                    -1049 INR
  Expenses:Utilities:Clothing

2024-10-08 * " AZAD RAJKUMAR YADAV " ""
  id: "20241008_210830"
  Assets:Banks:SBI                                      -15 INR
  Expenses:Food:Grocery


2024-10-09 * "TIFR Canteen" "Meal/snacks"
  id: "20241009_084504"
  Liabilities:Datanet                                 -6.00 INR
  Expenses:Food:Canteen


2024-10-10 * " M S A S SALES CORPORATION " "CST Food stall" #GoaTrip
  id: "20241010_043600"
  Assets:Banks:SBI                                      -75 INR
  Expenses:Food:Outside


2024-10-10 * " M S A S SALES CORPORATION " "CST Food stall" #GoaTrip
  id: "20241010_044735"
  Assets:Banks:SBI                                      -40 INR
  Expenses:Food:Outside


2024-10-10 * "TIFR Canteen" "Meal/snacks"
  id: "20241010_084936"
  Liabilities:Datanet                                -74.00 INR
  Expenses:Food:Canteen


2024-10-10 * " NARAYAN BHAGWANT KARMALKAR " "Taxi from Thivim to Calangute" #GoaTrip
  id: "20241010_190859"
  Assets:Banks:SBI                                    -2400 INR
  Expenses:Travel:TaxiBus


2024-10-11 * "Hyderabad family restaurant" "Lunch" #GoaTrip
  id: "20241011_123952"
  Assets:Wallets:PhonePay                              -490 INR
  Expenses:Food:Outside


2024-10-11 * " SHIVAJI SINGH " "Topi" #GoaTrip
  id: "20241011_131646"
  Assets:Banks:SBI                                     -270 INR
  Expenses:Utilities:Clothing


2024-10-11 * " DINESH BISHNOI " "Ice-cream" #GoaTrip
  id: "20241011_131815"
  Assets:Banks:SBI                                      -60 INR
  Expenses:Food:Outside


2024-10-11 * " Pravin Stall " "Nimbu-Pani" #GoaTrip
  id: "20241011_145817"
  Assets:Banks:SBI                                      -30 INR
  Expenses:Food:Outside

2024-10-11 * " Petty expenses " "Non-tracked" #GoaTrip
  id: "20241011_175817"
  Assets:Cash:INR                                      -471 INR
  Expenses:PettyExpenses


2024-10-11 * " PARESH TULSHIDAS NARVEKAR " "Watermelon" #GoaTrip
  id: "20241011_145843"
  Assets:Banks:SBI                                      -50 INR
  Expenses:Food:Outside

2024-10-13 * " ADITYA PRAKASH " "Titos Party" #GoaTrip
  id: "20241013_165041"
  Assets:Banks:SBI                                    -2444 INR
  Expenses:Entertainment:Partying


2024-10-13 * " SHIVAJI H LAMANI " "" #GoaTrip
  id: "20241013_195541"
  Assets:Banks:SBI                                      -60 INR
  Expenses:Food:Outside


2024-10-13 * " Abbas Ali Garments " "Souvenir" #GoaTrip
  id: "20241013_202658"
  Assets:Banks:SBI                                     -100 INR
  Expenses:Shopping:Souvenirs


2024-10-13 * "KGN Art Gallery" "White Party Shirt:Clothings" #GoaTrip
  id: "20241013_203059"
  Assets:Wallets:PhonePay                              -280 INR
  Expenses:Utilities:Clothing


2024-10-14 * "Banjoe restaurant" "@Manmad station" #GoaTrip
  id: "20241014_181229"
  Assets:Wallets:PhonePay                               -70 INR
  Expenses:Food:Outside


2024-10-15 * "Zomato" "Food delivery"
  id: "20241015_153947"
  Assets:Wallets:Zomato                             -196.08 INR
  Expenses:Food:Order


2024-10-16 * "TIFR Canteen" "Meal/snacks"
  id: "20241016_084523"
  Liabilities:Datanet                                -23.00 INR
  Expenses:Food:Canteen


2024-10-16 * "MSEDCL Mahavitaran - Maharashtra Electricity" ""
  id: "20241016_095724"
  Assets:Banks:SBI                                    -3210 INR
  Expenses:Family


2024-10-16 * " Zomato Wallet " ""
  id: "20241016_142143"
  Assets:Banks:SBI                                    -1152 INR
  Assets:Wallets:Zomato


2024-10-16 * "Zomato" "Food delivery"
  id: "20241016_094439"
  Assets:Wallets:Zomato                             -216.35 INR
  Expenses:Food:Order


2024-10-16 * " BERNARD ISMAEL RIBEIRO " "Diwali snacks @ dropbox"
  id: "20241016_193852"
  Assets:Banks:SBI                                     -170 INR
  Expenses:Food:Outside


2024-10-17 * "FLIPKART PAYMENTS." "Pixel 8: Mobile"
  id: "20241017_191801"
  Liabilities:CreditCard:ICICI                    -45886.00 INR
  Expenses:Shopping:Electronics

2024-10-17 * "Amazon" "Sneakers and stuff"
  id: "20241017_192801"
  Assets:Wallets:AmazonPay                         -2731.00 INR
  Expenses:Shopping:Clothing


2024-10-18 * "TIFR Canteen" "Meal/snacks"
  id: "20241018_084641"
  Liabilities:Datanet                                -46.00 INR
  Expenses:Food:Canteen


2024-10-18 * "RuRosh Concepts" "Jagdish"
  id: "20241018_161241"
  Assets:Wallets:PhonePay                               -58 INR
  Expenses:Food:Jagdish


2024-10-19 * "TIFR Canteen" "Meal/snacks"
  id: "20241019_084928"
  Liabilities:Datanet                                -38.00 INR
  Expenses:Food:Canteen


2024-10-19 * " Mr VINOD SUBHASH INGALE " "Diwali gift to cleaners"
  id: "20241019_110758"
  Assets:Banks:SBI                                     -501 INR
  Expenses:Charity


2024-10-19 * "RuRosh Concepts" "Jagdish"
  id: "20241019_164847"
  Assets:Wallets:PhonePay                               -55 INR
  Expenses:Food:Jagdish


2024-10-19 * " M S NEW GOOD LUCK MOTOR DRIVING SCHOOL " ""
  id: "20241019_184643"
  Assets:Banks:SBI                                    -2000 INR
  Expenses:Skills:Driving


2024-10-19 * " NEW PARIS HAIR CUTTING SALOON " ""
  id: "20241019_195959"
  Assets:Banks:SBI                                     -550 INR
  Expenses:Grooming:Haircuts


2024-10-19 * " MARATHA  STORES " ""
  id: "20241019_200758"
  Assets:Banks:SBI                                     -389 INR
  Expenses:Food:Grocery


2024-10-19 * " MARATHA  STORES " ""
  id: "20241019_200927"
  Assets:Banks:SBI                                      -80 INR
  Expenses:Food:Grocery


2024-10-16 * "Saurav Sen" "Payback" #GoaTrip
  id: "20241016_100000"
  Assets:Banks:SBI                                    12863 INR
  Expenses:Travel:Accomodation

2024-10-16 * "Saurav Suman" "Payback" #GoaTrip
  id: "20241016_110000"
  Assets:Banks:Kotak                                   5374 INR
  Expenses:Travel:Accomodation

2024-09-28 * "DFD transfer" "Topped up DFD" 
  id: "20240928_100000"
  Assets:Banks:Kotak                                 -10000 INR
  Assets:Deposits:DFD

2024-10-05 * "RD" "Monthly RD" 
  id: "20241005_100000"
  Assets:Banks:Kotak                                  -8000 INR
  Assets:Deposits:RD

2024-10-05 * "Upstox Monthly clearance" ""
  id: "20241005_110000"
  Assets:Wallets:UpstoxWallet                      -1194.70 INR
  Assets:Banks:Kotak

2024-10-07 * "Dividends" "TTL FNL"
  Assets:Banks:Kotak                                  14.00 INR
  Income:Dividends

2024-10-07 * "Dividends" "LT Foods"
  Assets:Banks:Kotak                                   7.00 INR
  Income:Dividends

2024-10-07 * "DFD reduction" "reduction DFD" 
  Assets:Banks:Kotak                                   5000 INR
  Assets:Deposits:DFD


2024-10-07 * "FD PREMAT PROCEEDS" ""
  Assets:Banks:Kotak                                      3 INR
  Income:BankInterests


2024-10-08 * "DFD reduction" "reduction DFD" 
  Assets:Banks:Kotak                                   5000 INR
  Assets:Deposits:DFD


2024-10-08 * "FD PREMAT PROCEEDS" ""
  Assets:Banks:Kotak                                      4 INR
  Income:BankInterests

2024-10-07 * "RD interest" ""
  Assets:Deposits:RD                                   3355 INR
  Income:BankInterests

2024-10-20 * "Zomato" "Food delivery"
  id: "20241020_094407"
  Assets:Wallets:Zomato                             -217.08 INR
  Expenses:Food:Order


2024-10-22 * "TIFR Canteen" "Meal/snacks"
  id: "20241022_084821"
  Liabilities:Datanet                                -48.00 INR
  Expenses:Food:Canteen


2024-10-22 * " M S NEW GOOD LUCK MOTOR DRIVING SCHOOL " ""
  id: "20241022_091543"
  Assets:Banks:SBI                                    -4300 INR
  Expenses:Skills:Driving


2024-10-23 * "TIFR Canteen" "Meal/snacks"
  id: "20241023_084817"
  Liabilities:Datanet                                -75.00 INR
  Expenses:Food:Canteen


2024-10-23 * "Zomato" "Food delivery"
  id: "20241023_090153"
  Assets:Wallets:Zomato                             -253.30 INR
  Expenses:Food:Order


2024-10-25 * "TIFR Canteen" "Meal/snacks"
  id: "20241025_084852"
  Liabilities:Datanet                                -74.00 INR
  Expenses:Food:Canteen


2024-10-25 * "RuRosh Concepts" ""
  id: "20241025_173440"
  Assets:Wallets:PhonePay                               -28 INR
  Expenses:Food:Jagdish


2024-10-26 * "IND*Amazon." "Earphone"
  id: "20241026_140013"
  Liabilities:CreditCard:ICICI                      -913.00 INR
  Expenses:Utilities:Electronics


2024-10-26 * "Ing*VFS Global Service." "VISA Appointment" #CERN_Nov24
  id: "20241026_153136"
  Liabilities:CreditCard:ICICI                     -3015.00 INR
  Expenses:Travel:VISAandInsurance


2024-10-26 * "Zomato" "Food delivery"
  id: "20241026_101649"
  Assets:Wallets:Zomato                             -274.30 INR
  Expenses:Food:Order


2024-10-27 * "TIFR Canteen" "Meal/snacks"
  id: "20241027_083403"
  Liabilities:Datanet                                -91.00 INR
  Expenses:Food:Canteen


2024-10-27 * "Zomato" "Food delivery"
  id: "20241027_070043"
  Assets:Wallets:Zomato                             -263.80 INR
  Expenses:Food:Order


2024-10-27 * " ANKIT ABHIMANYU GAUTAM " "Zepto"
  id: "20241027_213701"
  Assets:Banks:SBI                                     -594 INR
  Expenses:Food:Grocery


2024-10-29 * "TIFR Canteen" "Meal/snacks"
  id: "20241029_083730"
  Liabilities:Datanet                                -75.00 INR
  Expenses:Food:Canteen


2024-10-29 * " Policybazaar Insurance Brokers Private Limited " "Travel Insurance" #CERN_Nov24
  id: "20241029_102540"
  Assets:Banks:SBI                                    -3825 INR
  Expenses:Travel:VISAandInsurance


2024-10-29 * "Ing*VFS Global Service." "VISA Appointment" #CERN_Nov24
  id: "20241029_115504"
  Liabilities:CreditCard:ICICI                     -3015.00 INR
  Expenses:Travel:VISAandInsurance


2024-10-29 * "Flipkart Internet PVT LTD." "Pixel 8 reorder"
  id: "20241029_121215"
  Liabilities:CreditCard:ICICI                    -43797.00 INR
  Expenses:Shopping:Electronics

2024-10-29 * "Flipkart Internet PVT LTD." "Pixel 8 refund"
  id: "20241029_131215"
  Liabilities:CreditCard:ICICI                     43797.00 INR
  Expenses:Shopping:Electronics

2024-10-29 * " MUKUND NANASAHEB SHELAKE " ""
  id: "20241029_145209"
  Assets:Banks:SBI                                   -33100 INR
  Assets:Banks:Kotak


2024-10-29 * "Kotak Credit Card Bill" ""
  id: "20241029_093406"
  Assets:Banks:Kotak                              -33099.63 INR
  Liabilities:CreditCard:Kotak


2024-10-14 * "Buy MF" "Purchase of 0.52 units of HFF"
  Assets:MFs:Cherry:HFF                                0.52 HFF @@ 1000.00 INR
  Assets:Banks:Kotak  

2024-10-14 * "Buy MF" "Purchase of 7.22 units of QMAFRP"
  Assets:MFs:Cherry:QMAFRP                             7.22 QMAFRP @@ 1000.00 INR
  Assets:Banks:Kotak

2024-10-07 * "Buy MF" "Purchase of 4.20 units of SMMF"
  Assets:MFs:Cherry:SMMF                               4.20 SMMF @@ 1000.00 INR
  Assets:Banks:Kotak

2024-10-07 * "Buy MF" "Purchase of 24.61 units of QIFRP"
  Assets:MFs:Cherry:QIFRP                             24.61 QIFRP @@ 1000.00 INR
  Assets:Banks:Kotak

2024-10-07 * "Buy MF" "Purchase of 7.66 units of KEEF"
  Assets:MFs:Cherry:KEEF                              15.31 KEEF @@ 2000.00 INR
  Assets:Banks:Kotak

2024-10-07 * "Buy MF" "Purchase of 2.18 units of IPVDF"
  Assets:MFs:Cherry:IPVDF                              2.18 IPVDF @@ 1000.00 INR
  Assets:Banks:Kotak

2024-10-21 * "FD PREMAT PROCEEDS" ""
  Assets:Banks:Kotak                                  18.00 INR
  Income:BankInterests

2024-10-27 * "TIFR" "Salary"
  id: "20241029_030000"
  Assets:Banks:SBI                                 41091.00 INR
  Income:TIFR:Salary


2024-10-30 * "TIFR Canteen" "Meal/snacks"
  id: "20241030_084314"
  Liabilities:Datanet                                -45.00 INR
  Expenses:Food:Canteen

2024-10-30 * " VASCO WORLDWIDE INDIA P LTD " "Baggage Deposit" #CERN_Nov24
  id: "20241030_114619"
  Assets:Banks:SBI                                     -200 INR
  Expenses:Travel:VISAandInsurance

2024-10-30 * " Uber " "Taxi from TIFR to VFS Global" #CERN_Nov24
  id: "20241030_120000"
  Assets:Wallets:AmazonPay                          -264.14 INR
  Expenses:Travel:TaxiBus

2024-10-30 * " VFS Global Services Private Limited " "VISA Appointment" #CERN_Nov24
  id: "20241030_122424"
  Assets:Banks:SBI                                    -3770 INR
  Expenses:Travel:VISAandInsurance


2024-10-30 * " SURAJ KUMAR " "Taxi" #CERN_Nov24
  id: "20241030_142217"
  Assets:Banks:SBI                                     -280 INR
  Expenses:Travel:TaxiBus

2024-10-31 * "IRCTC IPAY ETICKETING." "" #Home_Diwali24
  id: "20241031_004638"
  Liabilities:CreditCard:ICICI                      -109.99 INR
  Expenses:Travel:Train

2024-10-31 * "TIFR Canteen" "Meal/snacks"
  id: "20241031_084342"
  Liabilities:Datanet                                -45.00 INR
  Expenses:Food:Canteen


2024-10-31 * " Zomato Wallet " ""
  id: "20241031_125752"
  Assets:Banks:SBI                                    -1285 INR
  Assets:Wallets:Zomato


2024-10-31 * "Zomato" "Food delivery"
  id: "20241031_083402"
  Assets:Wallets:Zomato                             -294.25 INR
  Expenses:Food:Order


2024-10-31 * "Redbus" "Bus Tickets from Mumbai to Pune" #Home_Diwali24
  id: "20241031_223402"
  Assets:Banks:SBI                                  -158.50 INR
  Assets:Wallets:PhonePay                           -209.00 INR
  Expenses:Travel:TaxiBus


2024-11-01 * " GULFUN NISHA " "Taxi from Effingut to TIFR"
  Assets:Banks:SBI                                     -105 INR
  Expenses:Food:Outside


2024-11-01 * " Amazon Pay " "Topping up wallet"
  id: "20241101_071851"
  Assets:Banks:SBI                                    -1000 INR
  Assets:Wallets:AmazonPay

2024-10-30 * " Uber " "Taxi from TIFR to Sion" #Home_Diwali24
  id: "20241030_075600"
  Assets:Wallets:AmazonPay                          -384.03 INR
  Expenses:Travel:TaxiBus


2024-10-30 * " Niyo " "Topping up NIYO " 
  id: "20241030_100000"
  Assets:Banks:Kotak                                  -1000 INR
  Assets:Banks:DCB

2024-11-01 * "Amazon Cashback" ""
  Assets:Wallets:AmazonPay                            38.40 INR
  Income:Cashback

2024-11-01 * " LAVLESH KUMAR BABULAL GUPTA " "Extra to pay to Uber" #Home_Diwali24
  id: "20241101_075840"
  Assets:Banks:SBI                                      -40 INR
  Expenses:Travel:TaxiBus


2024-11-01 * " AMIT KUMAR " "Chai in bus" #Home_Diwali24
  id: "20241101_083443"
  Assets:Banks:SBI                                      -10 INR
  Expenses:Food:Outside


2024-11-01 * " SHREE DEV FOOD PRODUCTS " "Chocolates in Lonavala" #Home_Diwali24
  id: "20241101_095524"
  Assets:Banks:SBI                                     -160 INR
  Expenses:Food:Outside


2024-11-01 * " R R ENTERPRISES " "Vadapav in Lonavala" #Home_Diwali24
  id: "20241101_095733"
  Assets:Banks:SBI                                      -30 INR
  Expenses:Food:Outside


2024-11-01 * " ROHAN ANKUSH GHODE " "Taxi from Swargate to Hadapsar" #Home_Diwali24
  id: "20241101_122002"
  Assets:Banks:SBI                                      -50 INR
  Expenses:Travel:TaxiBus


2024-11-01 * " S Kumar Wadewaale " "Vadapav" #Home_Diwali24
  id: "20241101_125302"
  Assets:Banks:SBI                                      -80 INR
  Expenses:Travel:TaxiBus

2024-11-01 * " AKASH RAMLING CHABUKSWAR " "Auto from Hadapsar to home" #Home_Diwali24
  id: "20241101_130547"
  Assets:Banks:SBI                                      -15 INR
  Expenses:Travel:TaxiBus


2024-10-31 * "IRCTC IPAY ETICKETING." "Cancelled Refund" #Home_Diwali24
  id: "20241101_004638"
  Liabilities:CreditCard:ICICI                        30.00 INR
  Expenses:Travel:Train


2024-11-03 * " MAYUR NANASAHEB SHELKE " "" #Home_Diwali24
  id: "20241103_141606"
  Assets:Banks:SBI                                    -1000 INR
  Expenses:Family


2024-11-03 * " MAYUR NANASAHEB SHELKE " "" #Home_Diwali24
  id: "20241103_172451"
  Assets:Banks:SBI                                     -500 INR
  Expenses:Family


2024-11-03 * " MUKUND NANASAHEB SHELAKE " "Monthly Distribution"
  id: "20241103_174008"
  Assets:Banks:SBI                                   -16000 INR
  Assets:Banks:Kotak


2024-11-03 * "DFD transfer" "Topped up DFD" 
  id: "20241103_100000"
  Assets:Banks:Kotak                                 -15000 INR
  Assets:Deposits:DFD

2024-11-03 * " VAISHALI SIDDHARTH KAMBLE " "" #Home_Diwali24
  id: "20241103_183937"
  Assets:Banks:SBI                                     -300 INR
  Expenses:Family

2024-11-03 * " IRCTC " "" #Home_Diwali24
  id: "20241103_212931"
  Assets:Banks:SBI                                  -738.60 INR
  Expenses:Travel:Train

2024-11-03 * " Rahul " " Cash " #Home_Diwali24
  id: "20241103_213000"
  Assets:Cash:INR                                       400 INR
  Expenses:Family


2024-11-05 * "Buy MF" "Purchase of 2.22 units of IPVDF"
  Assets:MFs:Cherry:IPVDF                              2.22 IPVDF @@ 1000.00 INR
  Assets:Banks:Kotak

2024-11-05 * "RD" "Monthly RD" 
  id: "20241105_100000"
  Assets:Banks:Kotak                                  -8000 INR
  Assets:Deposits:RD

2024-11-05 * "Buy MF" "Purchase of 7.67*2 units of KEEF"
  Assets:MFs:Cherry:KEEF                              15.34 KEEF @@ 2000.00 INR
  Assets:Banks:Kotak

2024-11-05 * "Buy MF" "Purchase of 24.94 units of QIFRP"
  Assets:MFs:Cherry:QIFRP                             24.94 QIFRP @@ 1000.00 INR
  Assets:Banks:Kotak

2024-11-05 * "Buy MF" "Purchase of 4.26 units of SMMF"
  Assets:MFs:Cherry:SMMF                               4.26 SMMF @@ 1000.00 INR
  Assets:Banks:Kotak

2024-11-05 * "DFD reduction" "reduction DFD" 
  Assets:Banks:Kotak                                  10000 INR
  Assets:Deposits:DFD

2024-11-05 * "TIFR Canteen" "Meal/snacks"
  id: "20241105_084652"
  Liabilities:Datanet                                709.00 INR
  Expenses:Food:Canteen


2024-11-05 * "Zomato" "Food delivery"
  id: "20241105_135751"
  Assets:Wallets:Zomato                             -221.80 INR
  Expenses:Food:Order


2024-11-06 * "TIFR Canteen" "Meal/snacks"
  id: "20241106_084525"
  Liabilities:Datanet                                -11.00 INR
  Expenses:Food:Canteen


2024-11-06 * " ASHISH   NARAYAN " ""
  id: "20241106_204602"
  Assets:Banks:SBI                                     -935 INR
  Expenses:Food:Outside


2024-11-06 * "TIFR" "Currency advance" #CERN_Nov24
  id: "20241106_030000"
  Assets:Cash:EURO                                   100.00 EUR
  Assets:Cash:CHF                                    100.00 CHF
  Assets:ForexCard:CHF                               700.00 CHF
  Liabilities:TIFR:Advance


2024-11-06 * "Upstox Monthly clearance" ""
  id: "20241106_110000"
  Assets:Wallets:UpstoxWallet                       -506.83 INR
  Assets:Banks:Kotak


2024-11-07 * "TIFR Canteen" "Meal/snacks"
  id: "20241107_084726"
  Liabilities:Datanet                                -61.00 INR
  Expenses:Food:Canteen


2024-11-07 * "RuRosh Concepts" "Jagdish"
  id: "20241107_161241"
  Assets:Banks:SBI                                     -110 INR
  Expenses:Food:Jagdish


2024-11-08 * "TIFR Canteen" "Meal/snacks"
  id: "20241108_084701"
  Liabilities:Datanet                                -27.00 INR
  Expenses:Food:Canteen


2024-11-09 * "TIFR Canteen" "Meal/snacks"
  id: "20241109_084731"
  Liabilities:Datanet                                -11.00 INR
  Expenses:Food:Canteen


2024-11-09 * "Zomato" "Food delivery"
  id: "20241109_071556"
  Assets:Wallets:Zomato                             -221.80 INR
  Expenses:Food:Order


2024-11-09 * " NEW PARIS HAIR CUTTING SALOON " ""
  id: "20241109_200137"
  Assets:Banks:SBI                                     -820 INR
  Expenses:Grooming:Haircuts

2024-11-09 * " Maruti Electronics " "Pixel 8 tempered glass"
  id: "20241109_201550"
  Assets:Banks:SBI                                     -250 INR
  Expenses:Utilities:Electronics


2024-11-09 * " Milap " "Pixel 8 back cover"
  id: "20241109_202839"
  Assets:Banks:SBI                                     -150 INR
  Expenses:Utilities:Electronics

2024-11-09 * "RuRosh Concepts" "Jagdish"
  id: "20241109_161241"
  Assets:Banks:SBI                                      -72 INR
  Expenses:Food:Jagdish


2024-11-10 * "Zomato" "Food delivery"
  id: "20241110_095027"
  Assets:Wallets:Zomato                             -221.80 INR
  Expenses:Food:Order


2024-11-10 * "Zepto" "Grocery for CERN trip" #CERN_Nov24
  id: "20241110_101647"
  Assets:Banks:Kotak                                -522.43 INR
  Expenses:Food:Grocery

2024-11-10 * " Sanjeev " "Payback for brush"
  id: "20241110_110000"
  Assets:Banks:SBI                                       30 INR
  Assets:Cash:INR


2024-11-10 * " SURAJ KUMAR VIND " "Taxi to Mumbai Airport" #CERN_Nov24
  id: "20241110_193750"
  Assets:Banks:SBI                                     -665 INR
  Expenses:Travel:TaxiBus


2024-11-10 * " VODAFONEIDEA LIMITED " "Roaming Pack" #CERN_Nov24
  id: "20241110_211103"
  Assets:Banks:SBI                                    -2998 INR
  Expenses:Travel:Roaming

2024-11-11 * "Taxi" "Taxi from Geneva Airport to CERN" #CERN_Nov24
  id: "20241111_000000"
  Assets:Cash:CHF                                    -30.00 CHF
  Expenses:Travel:TaxiBus


2024-11-11 * " Nya Novae R " "Chips from Vending machine 1.90 CHF" #CERN_Nov24
  id: "20241111_222300"
  Assets:Banks:DCB                                  -184.36 INR
  Expenses:Food:Outside
  

2024-11-13 * "MSEDCL Mahavitaran - Maharashtra Electricity" ""
  id: "20241113_105524"
  Assets:Banks:SBI                                    -3350 INR
  Expenses:Family


2024-11-13 * " Foyer Hotel" "Stay at Foyer Hotel" #CERN_Nov24
  id: "20241113_120000"
  Assets:ForexCard:CHF                               -42.00 CHF
  Expenses:Travel:Accomodation

2024-11-13 * " SPS Tabac" "Grocery" #CERN_Nov24
  id: "20241113_130000"
  Assets:ForexCard:CHF                               -30.15 CHF
  Expenses:Food:Grocery


2024-11-13 * " ICICI CC Rewards" ""
  id: "20241113_140000"
  Assets:Wallets:AmazonPay                              554 INR
  Income:CCRewards


2024-11-14 * " Nya Novae R " "Coffee from Vending machine 1.10 CHF" #CERN_Nov24
  id: "20241114_154700"
  Assets:Banks:DCB                                  -105.67 INR
  Expenses:Food:Outside
  

2024-11-14 * "Buy MF" "Purchase of 0.54 units of HFF"
  Assets:MFs:Cherry:HFF                                0.54 HFF @@ 1000.00 INR
  Assets:Banks:Kotak  

2024-11-14 * "Buy MF" "Purchase of 7.54 units of QMAFRP"
  Assets:MFs:Cherry:QMAFRP                             7.54 QMAFRP @@ 1000.00 INR
  Assets:Banks:Kotak


2024-11-14 * " Nya Novae R " "Coffee from Vending machine 1.10 CHF" #CERN_Nov24
  id: "20241114_184700"
  Assets:ForexCard:CHF                                -1.10 CHF
  Expenses:Food:Outside



2024-11-15 * " SANGEETA NANASAHEB SHELKE " ""
  id: "20241115_224510"
  Assets:Banks:SBI                                    -3000 INR
  Expenses:Family

2024-11-15 * " Nya Novae R " "Coffee from Vending machine 1.10 CHF" #CERN_Nov24
  id: "20241115_184700"
  Assets:ForexCard:CHF                                -1.10 CHF
  Expenses:Food:Outside


2024-11-16 * " Nya Novae R " "Snickers for 1.70 CHF" #CERN_Nov24
  id: "20241116_184700"
  Assets:ForexCard:CHF                                -1.70 CHF
  Expenses:Food:Outside


2024-11-17 * " Nya Novae R " "Coffee from Vending machine 1.10 CHF" #CERN_Nov24
  id: "20241117_184700"
  Assets:ForexCard:CHF                                -1.10 CHF
  Expenses:Food:Outside


2024-11-18 * " Nya Novae R " "Coffee from Vending machine 1.10 CHF" #CERN_Nov24
  id: "20241118_184700"
  Assets:ForexCard:CHF                                -1.10 CHF
  Expenses:Food:Outside

2024-11-19 * " Nya Novae R " "Coffee from Vending machine 1.10 CHF" #CERN_Nov24
  id: "20241119_184700"
  Assets:ForexCard:CHF                                -1.10 CHF
  Expenses:Food:Outside


2024-11-20 * "Dividends" "LT Foods"
  Assets:Banks:Kotak                                   3.50 INR
  Income:Dividends


2024-11-21 * " Nya Novae R " "Coffee from Vending machine 1.10 CHF" #CERN_Nov24
  id: "20241121_134700"
  Assets:ForexCard:CHF                                -1.10 CHF
  Expenses:Food:Outside


2024-11-21 * " Nya Novae R " "Coffee from Vending machine 1.10 CHF" #CERN_Nov24
  id: "20241121_184700"
  Assets:ForexCard:CHF                                -1.10 CHF
  Expenses:Food:Outside


2024-11-21 * "Dividends" "COAL India"
  Assets:Banks:Kotak                                  79.00 INR
  Income:Dividends


2024-11-22 * " Nya Novae R " "Coffee from Vending machine 1.10 CHF" #CERN_Nov24
  id: "20241122_184700"
  Assets:ForexCard:CHF                                -1.10 CHF
  Expenses:Food:Outside


2024-11-23 * " SOCAR STATION SERVICE " "Small Migros 11.75 CHF" #CERN_Nov24
  id: "20241123_184700"
  Assets:ForexCard:CHF                               -11.75 CHF
  Expenses:Food:Outside


2024-11-24 * " DAE BRNS " "DAE Registartion Fee" #DAE2024
  id: "20241124_153314"
  Assets:Banks:Kotak                                  -4000 INR
  Expenses:Conference:Registration

2024-11-24 * " ICICI Credit Card" "Credit Card Bill "
  id: "20241124_153432"
  Assets:Banks:Kotak                              -51743.99 INR
  Liabilities:CreditCard:ICICI

2024-11-24 * "DFD reduction" "reduction DFD" 
  Assets:Banks:Kotak                                  55000 INR
  Assets:Deposits:DFD

2024-11-24 * "FD PREMAT PROCEEDS" ""
  Assets:Banks:Kotak                                    415 INR
  Income:BankInterests


2024-11-24 * "  MIGROS VOI LES VERGERS " " 16.80 CHF" #CERN_Nov24
  id: "20241124_184700"
  Assets:ForexCard:CHF                               -16.80 CHF
  Expenses:Food:Outside


2024-11-24 * "  Indian Store " " 18.30 CHF" #CERN_Nov24
  id: "20241124_184700"
  Assets:ForexCard:CHF                               -18.30 CHF
  Expenses:Food:Outside


2024-11-27 * " RBL Card " "Credit Card Bill "
  id: "20241127_153432"
  Assets:Banks:Kotak                                -588.82 INR
  Liabilities:CreditCard:RBL


2024-11-26 * " Nya Novae R " "Coffee from Vending machine 1.10 CHF" #CERN_Nov24
  id: "20241126_183200"
  Assets:Banks:DCB                                  -105.02 INR
  Expenses:Food:Outside
  

2024-11-27 * "IRCTC Eticketing" "" #DAE2024
  id: "20241127_153314"
  Liabilities:CreditCard:ICICI                     -2477.38 INR
  Expenses:Travel:Train


2024-11-27 * " Nya Novae R " "Coffee from Vending machine 1.10 CHF" #CERN_Nov24
  id: "20241127_162000"
  Assets:Banks:DCB                                  -105.01 INR
  Expenses:Food:Outside


2024-11-28 * "GOOGLE PLAY" ""
  id: "20241128_133300"
  Assets:Banks:DCB                                    -2.00 INR
  Expenses:Subscriptions:Software


2024-11-28 * " Nya Novae R " "Coffee from Vending machine 1.10 CHF" #CERN_Nov24
  id: "20241128_184700"
  Assets:ForexCard:CHF                                -1.10 CHF
  Expenses:Food:Outside


2024-11-28 * "GOOGLE PLAY" ""
  id: "20241128_133800"
  Assets:Banks:DCB                                    -2.00 INR
  Expenses:Subscriptions:Software


2024-11-29 * "TIFR" "Salary"
  id: "20241129_030000"
  Assets:Banks:SBI                                 41300.00 INR
  Income:TIFR:Salary


2024-11-29 * " Nya Novae R " "Coffee from Vending machine 1.10 CHF" #CERN_Nov24
  id: "20241129_184700"
  Assets:ForexCard:CHF                                -1.10 CHF
  Expenses:Food:Outside


2024-11-29 * " CERN Restaurant " "Coffee" #CERN_Nov24
  id: "20241129_184700"
  Assets:ForexCard:CHF                                -2.00 CHF
  Expenses:Food:Outside


2024-11-30 * " Nya Novae R " "Some stupid bread from vending machine" #CERN_Nov24
  id: "20241130_184700"
  Assets:ForexCard:CHF                                -3.20 CHF
  Expenses:Food:Outside


2024-11-30 * " Nya Novae R " "Cold-drink of 2.70 CHF" #CERN_Nov24
  id: "20241127_040200"
  Assets:Banks:DCB                                  -259.07 INR
  Expenses:Food:Outside


2024-11-30 * "Dividends" "AMARA RAJA"
  Assets:Banks:Kotak                                  10.60 INR
  Income:Dividends

2024-11-30 * "GOOGLE PLAY" ""
  id: "20241130_200451"
  Liabilities:CreditCard:ICICI                        -2.00 INR
  Expenses:Subscriptions:Software


2024-11-30 * "Kotak Credit Card Bill" ""
  id: "20241130_153432"
  Assets:Banks:Kotak                               -3116.64 INR
  Liabilities:CreditCard:Kotak


2024-11-30 * " MUKUND NANASAHEB SHELAKE " ""
  id: "20241130_210056"
  Assets:Banks:SBI                                   -16000 INR
  Assets:Banks:Kotak


2024-11-30 * "DFD transfer" "Topped up DFD" 
  id: "20241130_100000"
  Assets:Banks:Kotak                                  -5000 INR
  Assets:Deposits:DFD

2024-12-03 * "TIFR Canteen" "Meal/snacks"
  id: "20241203_085042"
  Liabilities:Datanet                                200.00 INR
  Income:TIFR:Salary

2024-12-03 * " PRADEEP  VISHWAKARMA " "Advance for hotel booking" #DAE2024
  id: "20241203_220542"
  Assets:Banks:SBI                                    -1800 INR
  Expenses:Travel:Accomodation


2024-11-30 * "Dividends" "SUN TV"
  Assets:Banks:Kotak                                  20.00 INR
  Income:Dividends


2024-12-01 * " Nya Novae R " "Coffee" #CERN_Nov24
  id: "20241201_184700"
  Assets:ForexCard:CHF                                -1.10 CHF
  Expenses:Food:Outside


2024-12-01 * " Nya Novae R " "Snickers for 1.70 CHF" #CERN_Nov24
  id: "20241201_184700"
  Assets:ForexCard:CHF                                -1.70 CHF
  Expenses:Food:Outside


2024-12-02 * " CERN Restaurant " " Food " #CERN_Nov24
  id: "20241202_184700"
  Assets:ForexCard:CHF                               -15.45 CHF
  Expenses:Food:Outside


2024-12-02 * " Nya Novae R " "Coffee from Vending machine 1.10 CHF" #CERN_Nov24
  id: "20241202_184700"
  Assets:ForexCard:CHF                                -1.10 CHF
  Expenses:Food:Outside


2024-12-03 * " Nya Novae R " "Coffee" #CERN_Nov24
  id: "20241203_184700"
  Liabilities:CreditCard:ICICI                           
  Expenses:CC:Tax                                      0.66 INR
  Expenses:CC:Charges                                  3.71 INR 
  Expenses:Food:Outside                              106.01 INR


2024-12-04 * " Nya Novae R " "Coffee" #CERN_Nov24
  id: "20241204_184700"
  Assets:ForexCard:CHF                                -1.10 CHF
  Expenses:Food:Outside


2024-12-04 * " Nya Novae R " "Snickers for 1.70 CHF" #CERN_Nov24
  id: "20241204_184700"
  Assets:ForexCard:CHF                                -1.70 CHF
  Expenses:Food:Outside


2024-12-05 * "RD" "Monthly RD" 
  id: "20241205_100000"
  Assets:Banks:Kotak                                  -8000 INR
  Assets:Deposits:RD


2024-12-05 * "Buy MF" "Purchase of 2.20 units of IPVDF"
  Assets:MFs:Cherry:IPVDF                              2.20 IPVDF @@ 1000.00 INR
  Assets:Banks:Kotak

2024-12-05 * "Buy MF" "Purchase of 7.36*2 units of KEEF"
  Assets:MFs:Cherry:KEEF                              14.72 KEEF @@ 2000.00 INR
  Assets:Banks:Kotak

2024-12-05 * "Buy MF" "Purchase of 24.74 units of QIFRP"
  Assets:MFs:Cherry:QIFRP                             24.74 QIFRP @@ 1000.00 INR
  Assets:Banks:Kotak

2024-12-05 * "Buy MF" "Purchase of 4.20 units of SMMF"
  Assets:MFs:Cherry:SMMF                               4.20 SMMF @@ 1000.00 INR
  Assets:Banks:Kotak


2024-12-05 * " MUKUND NANASAHEB SHELAKE " ""
  id: "20241205_142134"
  Assets:Banks:SBI                                   -20000 INR
  Assets:Banks:Kotak

2024-12-05 * "Upstox" "Topping up upstox account"
  id: "20241205_143542"
  Assets:Banks:Kotak                                 -20000 INR
  Assets:Wallets:UpstoxWallet

2024-12-05 * " Smallcase transaction fee " ""
  id: "20241205_153542"
  Assets:Wallets:UpstoxWallet                       -118.00 INR
  Expenses:Investments:TransactionFees

2024-12-05 * " Buying Goldbees and Niftybees" " with brokerage and charges"
  id: "20241205_153542"
  Assets:Wallets:UpstoxWallet                     -19808.87 INR
  Assets:Stocks:Upstox:GOLDBEES                       88.00 GOLDBEES @ 64.04 INR
  Assets:Stocks:Upstox:NIFTYBEES                      51.00 NIFTYBEES @ 276.91 INR
  Expenses:Investments:Brokerage                      40.00 INR
  Expenses:Investments:Tax                            10.31 INR
  Expenses:Investments:Charges                         0.63 INR

2024-12-05 * "DFD reduction" "reduction DFD" 
  Assets:Banks:Kotak                                   5000 INR
  Assets:Deposits:DFD


2024-12-05 * " Nya Novae R " "Coffee" #CERN_Nov24
  id: "20241205_184700"
  Assets:ForexCard:CHF                                -1.10 CHF
  Expenses:Food:Outside


2024-12-05 * " Nya Novae R " "Snickers for 1.70 CHF" #CERN_Nov24
  id: "20241205_184700"
  Assets:ForexCard:CHF                                -1.70 CHF
  Expenses:Food:Outside


2024-12-06 * "Petty expense" "7.25 CHF spend on petty expenses" #CERN_Nov24
  id: "20241206_153542"
  Assets:Cash:CHF                                     -7.25 CHF
  Expenses:PettyExpenses


2024-12-06 * "  MIGROS VOI LES VERGERS " " 38.90 CHF" #CERN_Nov24
  id: "20241206_184700"
  Assets:ForexCard:CHF                               -38.90 CHF
  Expenses:Food:Grocery


2024-12-07 * " Sevel Cafe " " Coffee at the Sevele summit with Irfan " #CERN_Nov24
  id: "20241207_110542"
  Assets:Cash:EURO                                   -10.00 EUR
  Expenses:Food:Outside                                5.00 EUR
  Assets:Receivables                                   5.00 EUR                  


2024-12-07 * " ISTANBUL DONER KEBAB " " Lunch in Geneva with Irfan " #CERN_Nov24
  id: "20241207_150542"
  Assets:Cash:CHF                                    -35.50 CHF
  Expenses:Food:Outside                               22.00 CHF
  Assets:Receivables                                  13.50 CHF


2024-12-07 * " Nya Novae R " "Coffee" #CERN_Nov24
  id: "20241207_184700"
  Assets:ForexCard:CHF                                -1.10 CHF
  Expenses:Food:Outside


2024-12-09 * " Nya Novae R " "Coffee" #CERN_Nov24
  id: "20241209_184700"
  Assets:ForexCard:CHF                                -1.10 CHF
  Expenses:Food:Outside


2024-12-11 * " Nya Novae R " "Coffee" #CERN_Nov24
  id: "20241211_184700"
  Assets:ForexCard:CHF                                -1.10 CHF
  Expenses:Food:Outside

2024-12-06 * " Nya Novae R " "Coffee" #CERN_Nov24
  id: "20241206_184700"
  Assets:Banks:DCB                                  -106.25 INR
  Expenses:Food:Outside


2024-12-06 * " Foundation Geneve Tourism " " Geneva Day Pass *2 with Irfan" #CERN_Nov24
  id: "20241206_184700"
  Liabilities:CreditCard:ICICI              
  Expenses:CC:Charges                                196.09 INR
  Expenses:CC:Tax                                     35.30 INR
  Expenses:Travel:TaxiBus                           5602.42 INR


2024-12-07 * " Nya Novae R " "Coffee" #CERN_Nov24
  id: "20241207_184700"
  Assets:Banks:DCB                                  -106.73 INR
  Expenses:Food:Outside


2024-12-07 * "GOOGLE PLAY" ""
  id: "20241207_200451"
  Liabilities:CreditCard:ICICI                         2.00 INR
  Expenses:Subscriptions:Software

2024-12-09 * "GOOGLE PLAY" ""
  id: "20241209_110651"
  Assets:Banks:DCB                                     2.00 INR
  Expenses:Subscriptions:Software

2024-12-09 * "GOOGLE PLAY" ""
  id: "20241209_110652"
  Assets:Banks:DCB                                     2.00 INR
  Expenses:Subscriptions:Software


2024-12-10 * " Nya Novae R " "Coffee" #CERN_Nov24
  id: "20241211_184700"
  Assets:ForexCard:CHF                                -1.10 CHF
  Expenses:Food:Outside                                1.10 CHF

2024-12-11 * "  MIGROS VOI LES VERGERS " "15.45 CHF" #CERN_Nov24
  id: "20241211_154700"
  Assets:Cash:CHF                                    -15.50 CHF
  Expenses:Food:Grocery                               15.50 CHF

2024-12-11 * "  Indian Store " "8.60 CHF" #CERN_Nov24
  id: "20241211_161200"
  Assets:Cash:CHF                                     -8.60 CHF
  Expenses:Food:Grocery                                8.60 CHF

2024-12-11 * " Nya Novae R " "Coffee" #CERN_Nov24
  id: "20241211_162700"
  Assets:Cash:CHF                                     -1.10 CHF
  Expenses:Food:Outside                                1.10 CHF

2024-12-12 * " Nya Novae R " "Coffee" #CERN_Nov24
  id: "20241212_162700"
  Assets:Cash:CHF                                     -1.10 CHF
  Expenses:Food:Outside                                1.10 CHF

2024-12-12 * "CERN FOYER-HOTEL" "Hotel" #CERN_Nov24
  Assets:ForexCard:CHF                              -419.00 CHF
  Expenses:Travel:Accomodation


2024-12-13 * "TPG TRANSPORTS PUBLICS" "Geneva + Thoiry Day Pass" #CERN_Nov24
  Assets:ForexCard:CHF                                -12.2 CHF
  Expenses:Travel:TaxiBus

2024-12-13 * " Nya Novae R " "Coffee" #CERN_Nov24
  id: "20241213_192400"
  Assets:ForexCard:CHF                                -1.10 CHF
  Expenses:Food:Outside                                1.10 CHF

2024-12-13 * " Nya Novae R " "Coffee" #CERN_Nov24
  id: "20241213_215100"
  Assets:ForexCard:CHF                                -1.10 CHF
  Expenses:Food:Outside                                1.10 CHF

2024-12-13 * "CERN FOYER-HOTEL" "Hotel" #CERN_Nov24
  Assets:ForexCard:CHF                               -41.00 CHF
  Expenses:Travel:Accomodation                        41.00 CHF


2024-12-13 * " MUKUND NANASAHEB SHELAKE " "Topping up the debit-card"
  id: "20241213_143700"
  Assets:Banks:SBI  -100 INR
  Assets:Banks:DCB


2024-12-13 * " MUKUND NANASAHEB SHELAKE " "Topping up the debit-card"
  id: "20241213_234451"
  Assets:Banks:SBI  -1000 INR
  Assets:Banks:DCB


2024-12-14 * "TAXI GE 390" "Taxi from CERN to Geneva airport"
  id: "20241214_105155"
  Liabilities:CreditCard:ICICI              
  Expenses:CC:Charges                                125.04 INR
  Expenses:CC:Tax                                     22.50 INR
  Expenses:Travel:TaxiBus                           3572.53 INR


2024-12-15 * "Zomato" "Food delivery"
  id: "20241215_102217"
  Assets:Wallets:Zomato  -221.80 INR
  Expenses:Food:Order


2024-12-15 * "Zomato" "Food delivery"
  id: "20241215_155702"
  Assets:Wallets:Zomato  -282.70 INR
  Expenses:Food:Order


2024-12-16 * "MSEDCL Mahavitaran - Maharashtra Electricity" ""
  id: "20241216_133153"
  Assets:Banks:SBI  -3230 INR
  Expenses:Family


2024-12-13 * "IRCTC Eticketing" "Return Train Ticket" #DAE2024
  id: "20241113_105524"
  Assets:Banks:Kotak                               -2413.60 INR
  Expenses:Travel:Train

2024-12-15 * "Ola" "Taxi from Airport to TIFR" #CERN_Nov24
  Assets:Banks:Kotak                               -1035.00 INR
  Expenses:Travel:TaxiBus

2024-12-15 * " Zomato Wallet " "Topping up zomato wallet"
  id: "20241215_125752"
  Assets:Banks:Kotak                                  -1000.00 INR
  Assets:Wallets:Zomato

2024-12-16 * "Jio " "Data add-on for jio"
  Assets:Banks:Kotak                                -176.90 INR
  Expenses:Utilities:Mobile

2024-12-13 * "Saily" "eSIM Data" #CERN_Nov24
  Assets:Banks:DCB                                  -338.85 INR
  Expenses:Travel:Roaming

2024-12-21 * "Jio " "Jio recharge"
  Assets:Banks:SBI                           -302.00 INR
  Expenses:Utilities:Mobile

2024-12-21 * " MUKUND NANASAHEB SHELAKE " ""
  id: "20241221_145855"
  Assets:Banks:SBI                          -3000.00 INR
  Assets:Banks:Kotak

2024-12-22 * " MUKUND NANASAHEB SHELAKE " "Kotak to SBI"
  id: "20241222_145855"
  Assets:Banks:Kotak                        -1400.00 INR
  Assets:Banks:SBI

2024-12-22 * " MINTU KUMAR " "Saree + other expenses" #DAE2024
  id: "20241222_100438"
  Assets:Banks:SBI                          -5624.00 INR
  Expenses:Shopping:Clothing                  5000.00 INR
  Expenses:Travel:TaxiBus

2024-12-24 * " MUKUND NANASAHEB SHELAKE " ""
  id: "20241224_163037"
  Assets:Banks:SBI                         -300.00 INR
  Assets:Banks:Kotak

2024-12-30 * "RuRosh Concepts" "Jagdish"
  id: "20241230_161241"
  Assets:Banks:SBI                     -33.00 INR
  Expenses:Food:Jagdish

2024-12-30 * " Sanjeev Bhaiya" "Received 165 from receivables"
  id: "20241230_110000"
  Assets:Banks:SBI                           165.00 INR
  Assets:Receivables

2024-12-30 * " MUKUND NANASAHEB SHELAKE " ""
  id: "20241230_210726"
  Assets:Banks:SBI                         -30000.00 INR
  Assets:Banks:Kotak

2024-12-16 * "Buy MF" "Purchase of 0.52 units of HFF"
  Assets:MFs:Cherry:HFF                                0.52 HFF @@ 1000.00 INR
  Assets:Banks:Kotak  

2024-12-16 * "Buy MF" "Purchase of 7.18 units of QMAFRP"
  Assets:MFs:Cherry:QMAFRP                             7.18 QMAFRP @@ 1000.00 INR
  Assets:Banks:Kotak

2024-12-16 * " ICICI Credit Card" "Credit Card Bill "
  id: "20241216_153432"
  Assets:Banks:Kotak                        -8421.57 INR
  Liabilities:CreditCard:ICICI

2024-12-17 * " Raju Gopal Patel " " Taxi to Colaba "
  id: "20241217_193750"
  Assets:Banks:Kotak                          -50.00 INR
  Expenses:Travel:TaxiBus

2024-12-17 * " mahavir Computers " "laptop repair" #CERN_Nov24
  id: "20241217_211103"
  Assets:Banks:Kotak                        -4700.00 INR
  Expenses:Utilities:Electronics

2024-12-17 * " NEW PARIS HAIR CUTTING SALOON " " Beard trimming"
  id: "20241217_200137"
  Assets:Banks:Kotak                          -150.00 INR
  Expenses:Grooming:Haircuts

2024-12-17 * " Dharmedra Sharma " "inside Railway Food " #DAE2024
  id: "20241217_211103"
  Assets:Banks:Kotak                        -50.00 INR
  Expenses:Food:Outside

2024-12-19 * " VINITA " "Auto in BHU " #DAE2024
  id: "20241219_211103"
  Assets:Banks:Kotak                        -30.00 INR
  Expenses:Travel:TaxiBus

2024-12-21 * " OM Prakash Singh " "Auto to travel in Banaras" #DAE2024
  id: "20241221_211103"
  Assets:Banks:Kotak                        -250.00 INR
  Expenses:Travel:TaxiBus

2024-12-21 * " Manoj Kashyap " " Sweets at Pahalwan Halwai" #DAE2024
  id: "20241221_231103"
  Assets:Banks:Kotak                        -300.00 INR
  Expenses:Food:Outside

2024-12-23 * " Jasmin " " Splitwise settlement" #DAE2024
  id: "20241223_211103"
  Assets:Banks:Kotak                        -589.00 INR
  Expenses:Food:Outside 

2024-12-23 * " Anoop Sharma " " Water at guest house " #DAE2024
  id: "20241223_001103"
  Assets:Banks:Kotak                        -40.00 INR
  Expenses:Food:Outside

2024-12-24 * " Ritik Saxena " "Boat ride + " #DAE2024
  id: "20241224_091103"
  Assets:Banks:Kotak                        -600.00 INR
  Expenses:Travel:TaxiBus

2024-12-24 * " Ola " "Taxi from Airport to TIFR " #DAE2024
  id: "20241224_171103"
  Assets:Banks:Kotak                        -489.00 INR
  Expenses:Travel:TaxiBus

2024-12-24 * " MUKUND NANASAHEB SHELAKE " "DCB to Kotak "
  id: "20241224_163037"
  Assets:Banks:DCB                           -700.00 INR
  Assets:Banks:Kotak

2024-12-24 * " IRCTC " "Cancelled Refund" #DAE2024
  id: "20241224_211103"
  Assets:Banks:Kotak                         2325.00 INR
  Expenses:Travel:Train

2024-12-26 * " Ashish " " Vishal's Birthday Cake" 
  id: "20241226_211103"
  Assets:Banks:Kotak                        -219.00 INR
  Expenses:Food:Outside

2024-12-30 * " Raj Shah " " Taxi from BHU to Airport" #DAE2024
  id: "20241230_181103"
  Assets:Banks:Kotak                        -270.00 INR
  Expenses:Travel:TaxiBus

2024-12-30 * " New Paris Saloon " " haircut + Detan" 
  id: "20241230_211103"
  Assets:Banks:Kotak                        -750.00 INR
  Expenses:Grooming:Haircuts

2024-12-30 * " Pandey Brothers " " Pantanjali Biscuits "
  id: "20241230_231103"
  Assets:Banks:Kotak                        -30.00 INR
  Expenses:Food:Outside

2024-12-30 * " Wellness Forever " " Sanjeev's stuff + "
  id: "20241230_231103"
  Assets:Banks:Kotak                         -292.97 INR
  Assets:Receivables                          165.00 INR
  Expenses:Shopping:HealthndWellness

2024-12-30 * "Kotak credit card bill" ""
  id: "20241230_093548"
  Assets:Banks:Kotak                       -13884.66 INR
  Income:Cashback                             -55.00 INR
  Liabilities:CreditCard:Kotak


2024-12-30 * " MAYUR NANASAHEB SHELKE " 
  id: "20241230_210726"
  Assets:Banks:Kotak                          -1000.00 INR
  Expenses:Family

2024-12-31 * " maratha Store " " Medha's farewell "
  id: "20241231_211103"
  Assets:Banks:Kotak                        -605.00 INR
  Expenses:Food:Outside

2024-12-31 * "Quarterly Bank Interests" "Kotak Savings"
  Assets:Banks:Kotak                                 155.00 INR
  Income:BankInterests

2024-12-17 * " ATM Withdraw " " "
  id: "20241217_211103"
  Assets:Banks:SBI                        -1000.00 INR
  Assets:Cash:INR

2024-12-18 * " ATM Withdraw " " "
  id: "20241218_211103"
  Assets:Banks:SBI                        -1000.00 INR
  Assets:Cash:INR

2024-12-25 * "SBI savings interest" ""
  id: "20241225_143326"
  Assets:Banks:SBI                                   198.00 INR
  Income:BankInterests

2024-12-30 * "Salary"
  id: "20241230_030000"
  Assets:Banks:SBI                                 41748.00 INR
  Income:TIFR:Salary

2025-01-01 * " Zomato Wallet " "Topping up zomato wallet"
  id: "20250101_125752"
  Assets:Banks:SBI                                 -205.00 INR
  Assets:Wallets:Zomato

2024-12-23 * "IRCTC IPAY AIR" " Plane from Banaras to mumbai" #DAE2024
  id: "20241223_151834"
  Liabilities:CreditCard:ICICI  -11594.14 INR
  Expenses:Travel:Plane


2024-12-23 * "AB Enterprises" " Accomodation at Banaras" #DAE2024
  id: "20241223_235921"
  Liabilities:CreditCard:ICICI  -5400.00 INR
  Expenses:Travel:Accomodation

2024-12-27 * "BRANDEYESDIS" "Skull Candy earbuds"
  id: "20241227_191445"
  Liabilities:CreditCard:ICICI  -3799.05 INR
  Expenses:Shopping:Electronics

2024-12-28 * "ZOMATO LIMITED" "Toppping up zomato wallet"
  id: "20241228_145415"
  Liabilities:CreditCard:ICICI  -1000.00 INR
  Assets:Wallets:Zomato

2024-12-24 * "ZEPTO_DROG" ""
  id: "20241224_171236"
  Liabilities:CreditCard:Kotak  -308.82 INR
  Expenses:Food:Grocery

2024-12-25 * "ZEPTO_DROG" ""
  id: "20241225_181228"
  Liabilities:CreditCard:Kotak  -93.23 INR
  Expenses:Food:Grocery

2024-12-28 * "ZEPTO_DROG" ""
  id: "20241228_152431"
  Liabilities:CreditCard:Kotak  -303.99 INR
  Expenses:Food:Grocery

2024-12-31 * "Zomato" "Food delivery"
  id: "20241231_183850"
  Assets:Wallets:Zomato  -566.30 INR
  Expenses:Food:Order


2025-01-01 * "Zomato" "Food delivery"
  id: "20250101_160240"
  Assets:Wallets:Zomato  -221.80 INR
  Expenses:Food:Order

2024-12-24 * "Zomato" "Food delivery"
  id: "20241224_134122"
  Assets:Wallets:Zomato  -250.68 INR
  Expenses:Food:Order


2024-12-25 * "Zomato" "Food delivery"
  id: "20241225_070959"
  Assets:Wallets:Zomato  -221.80 INR
  Expenses:Food:Order


2024-12-25 * "Zomato" "Food delivery"
  id: "20241225_162132"
  Assets:Wallets:Zomato  -236.42 INR
  Expenses:Food:Order


2024-12-28 * "TIFR Canteen" "Meal/snacks"
  id: "20241228_085101"
  Liabilities:Datanet  -52.0 INR
  Expenses:Food:Canteen

2024-12-28 * "Zomato" "Food delivery"
  id: "20241228_101434"
  Assets:Wallets:Zomato  -242.80 INR
  Expenses:Food:Order

2024-12-29 * "Zomato" "Food delivery"
  id: "20241229_093048"
  Assets:Wallets:Zomato  -295.30 INR
  Expenses:Food:Order

2024-12-31 * "TIFR Canteen" "Meal/snacks"
  id: "20241231_084813"
  Liabilities:Datanet  -40.0 INR
  Expenses:Food:Canteen

2024-12-31 * " DCB " " Interest "
  id: "20241231_084813"
  Assets:Banks:DCB  2.00 INR
  Income:BankInterests

2024-12-24 * " Petty expenses " " inbalanced cash " #DAE2024
  id: "20241224_211103"
  Assets:Cash:INR  -2240.00 INR
  Expenses:PettyExpenses

2024-12-13 * " Migros Thoiry " " Chocolates " #CERN_Nov24
  id: "20241213_211103"
  Assets:Cash:EURO  -65.00 EUR
  Expenses:Shopping:Souvenirs
2025-01-02 * " MUKUND NANASAHEB SHELAKE " "Monthly distribution"
  id: "20250102_210726"
  Assets:Banks:SBI                                 -7950.00 INR
  Assets:Banks:Kotak

2025-01-03 * "Upstox" "upstox clearance"
  id: "20250103_143542"
  Assets:Banks:Kotak                                  73.14 INR
  Assets:Wallets:UpstoxWallet

2025-01-04 * "CRED" "Socks"
  Assets:Banks:Kotak                                -299.00 INR
  Expenses:Shopping:Clothing

2025-01-05 * "RD" "Monthly RD"
  id: "20250105_100000"
  Assets:Banks:Kotak                                  -8000 INR
  Assets:Deposits:RD                                   8000 INR

2025-01-05 * "RD interest" ""
  Assets:Deposits:RD                                   3727 INR
  Income:BankInterests

2025-01-06 * "Buy MF" "Purchase of 4.28 SMMF"
  Assets:MFs:Cherry:SMMF                               4.28 SMMF @ 233.6448598130841121495327103 INR
  Assets:Banks:Kotak

2025-01-06 * "Buy MF" "Purchase of 26.11"
  Assets:MFs:Cherry:QIFRP                             26.11 QIFRP @ 38.29950210647261585599387208 INR
  Assets:Banks:Kotak

2025-01-06 * "Buy MF" "Purchase of 7.53*2 KEEF"
  Assets:MFs:Cherry:KEEF                               15.06 KEEF @ 132.8021248339973439575033201 INR
  Assets:Banks:Kotak

2025-01-06 * "Buy MF" "Purchase of 2.28 IPVDF"
  Assets:MFs:Cherry:IPVDF                              2.28 IPVDF @ 438.5964912280701754385964912 INR
  Assets:Banks:Kotak

2025-01-02 * "Buy MF" "Purchase of 4.17 IPN5IF"
  Assets:MFs:Cherry:IPN5IF                             4.17 IPN5IF @ 239.8081534772182254196642686 INR
  Assets:Banks:Kotak

2025-01-02 * "Buy MF" "Purchase of 43.53 AGF"
  Assets:MFs:Cherry:AGF                               43.53 AGF @ 22.97266253158741098093269010 INR
  Assets:Banks:Kotak

2025-01-02 * "IND*Amazon." "Skin care products"
  Liabilities:CreditCard:ICICI                      -3071.2 INR
  Expenses:Grooming:Skincare

2025-01-02 * "IND*Amazon." "Sneakers"
  Liabilities:CreditCard:ICICI                     -2831.00 INR
  Expenses:Shopping:Clothing

2025-01-02 * "IND*Amazon." "Geyser"
  Liabilities:CreditCard:ICICI                     -5967.00 INR
  Expenses:Family

2025-01-02 * "IND*Amazon." "Hobbit + Sleeping Giants"
  Assets:Wallets:AmazonPay                          -779.00 INR
  Expenses:Entertainment:BooksAndMagazines

2025-01-02 * "IND*Amazon." "skincare products"
  Assets:Wallets:AmazonPay                      -708.00 INR
  Expenses:Grooming:Skincare

2025-01-02 * " ICICI CC Rewards" ""
  Assets:Wallets:AmazonPay                            81.00 INR
  Income:CCRewards

2025-01-11 * " SANGEETA NANASAHEB SHELKE " "For her DMart shopping"
  Assets:Banks:Kotak                               -2000.00 INR
  Expenses:Family

2025-01-11 * "GPay Rewards" ""
  Assets:Banks:Kotak                                   6.00 INR
  Income:Cashback

2025-01-11 * "Yogesh Jadhav" "Geyser installation"
  Assets:Banks:Kotak                                -330.00 INR
  Expenses:Family

2025-01-11 * "Mr Vikaskumar" "Taxi TIFR-CSMT" #HomeTrip_Jan2025
  Assets:Banks:Kotak                                -140.00 INR
  Expenses:Travel:TaxiBus

2025-01-11 * "Datta Malhri" "Auto Pune-Home" #HomeTrip_Jan2025
  Assets:Banks:Kotak                                -250.00 INR
  Expenses:Travel:TaxiBus

2025-01-02 * " Kotak life ins " "EMI"
  Liabilities:CreditCard:Kotak                     -2914.98 INR
  Expenses:Subscriptions:KotakLife

2025-01-02 * " Kotak life ins " "EMI"
  Liabilities:CreditCard:Kotak
  Expenses:Subscriptions:KotakLife                   155.73 INR
  Expenses:Investments:Tax                                     28.03 INR

2025-01-04 * " Kotak life ins " "New schemes"
  Liabilities:CreditCard:Kotak                     -4999.00 INR
  Expenses:Subscriptions:KotakLife

2025-01-04 * " Kotak life ins " "New schemes"
  Liabilities:CreditCard:Kotak                     -3500.00 INR
  Expenses:Subscriptions:KotakLife

2025-01-04 * " Zomato Wallet " "Topping up zomato wallet"
  Liabilities:CreditCard:Kotak                     -2000.00 INR
  Assets:Wallets:Zomato

2025-01-04 * "ZEPTO_DROG" "Cashew + stuff"
  Liabilities:CreditCard:Kotak                     -1479.75 INR
  Expenses:Food:Grocery

2025-01-09 * "ZEPTO_DROG" "Farsan and stuff"
  Liabilities:CreditCard:Kotak                      -218.42 INR
  Expenses:Food:Grocery

2025-01-10 * "IRCTC Eticketing" "Ticket CSMT-Pune after surcharge-" #HomeTrip_Jan2025
  Liabilities:CreditCard:Kotak                      -697.38 INR
  Expenses:Travel:Train

2024-12-02 * " Kotak life ins " "EMI"
  Liabilities:CreditCard:Kotak
  Expenses:Subscriptions:KotakLife                  2864.85 INR

2024-12-02 * " Kotak life ins " ""
  Liabilities:CreditCard:Kotak
  Expenses:Subscriptions:KotakLife                   205.86 INR
  Expenses:Investments:Tax                            37.05 INR

2024-11-02 * " Kotak life ins " "EMI"
  Liabilities:CreditCard:Kotak                     -2815.57 INR
  Expenses:Subscriptions:KotakLife

2024-11-02 * " Kotak life ins " "EMI"
  Liabilities:CreditCard:Kotak
  Expenses:Subscriptions:KotakLife                   255.14 INR
  Expenses:Investments:Tax                            45.93 INR


2024-10-02 * " Kotak life ins " "EMI"
  Liabilities:CreditCard:Kotak                     -2767.15 INR
  Expenses:Subscriptions:KotakLife

2024-11-04 * "Ing*VFS Global Service." "Return from VISA Appointment" #CERN_Nov24
  Liabilities:CreditCard:ICICI                      1165.00 INR
  Expenses:Travel:VISAandInsurance

2024-11-04 * " RBL Card " "Yearly Fee"
  Liabilities:CreditCard:RBL                        -588.82 INR
  Expenses:CC:AnnualFee

2025-01-02 * "PhonePay Wallet" "Topping up the wallet"
  Assets:Banks:SBI                                 -2000.00 INR
  Assets:Wallets:PhonePay

2025-01-04 * "Zomato" "Food delivery"
  Assets:Wallets:Zomato                             -242.80 INR
  Expenses:Food:Order

2025-01-05 * "Zomato" "Food delivery"
  Assets:Wallets:Zomato                             -274.30 INR
  Expenses:Food:Order

2025-01-05 * "Zomato" "Food delivery"
  Assets:Wallets:Zomato                             -292.15 INR
  Expenses:Food:Order

2025-01-10 * "Zomato" "Food delivery"
  Assets:Wallets:Zomato                             -274.30 INR
  Expenses:Food:Order

2025-01-13 * " SANGEETA NANASAHEB SHELKE " "Mistakenly sent to me instead of Mayur" #HomeTrip_Jan2025 
  Assets:Banks:Kotak                                 220.00 INR
  Expenses:Family


2025-01-13 * " MAYUR NANASAHEB SHELKE " "Mistakenly sent to me first by mother" #HomeTrip_Jan2025
  Assets:Banks:Kotak   -215.00 INR
  Expenses:Family

2025-01-14 * "Vi" "Father's mobile recharge"
  Assets:Wallets:PhonePay                                -252.00 INR
  Expenses:Family

2025-01-14 * "MSEDCL Mahavitaran - Maharashtra Electricity" "Light bill"
  Assets:Wallets:PhonePay                          -1748.00 INR
  Assets:Banks:SBI                                  -912.00 INR
  Expenses:Family

2025-01-13 * " Amazon Pay " "CC rewards"
  Assets:Wallets:AmazonPay                           843.00 INR
  Income:CCRewards

2025-01-14 * "Buy MF" "Purchase of 0.55 HFF"
  Assets:MFs:Cherry:HFF                                0.55 HFF @ 1818.181818181818181818181818 INR
  Assets:Banks:Kotak

2025-01-14 * "Buy MF" "Purchase of 7.59 QMAFRP"
  Assets:MFs:Cherry:QMAFRP                             7.59 QMAFRP @ 131.7523056653491436100131752 INR
  Assets:Banks:Kotak

2025-01-15 * " Ola " "Taxi from home to Pune Station" #HomeTrip_Jan2025
  Assets:Banks:Kotak                                -194.00 INR
  Expenses:Travel:TaxiBus

2025-01-15 * " Ola " "Taxi from CST to TIFR" #HomeTrip_Jan2025
  Assets:Banks:Kotak                                -200.00 INR
  Expenses:Travel:TaxiBus

2025-01-15 * " New Paris Saloon " "Beard + Detan"
  Assets:Banks:Kotak                                -700.00 INR
  Expenses:Grooming:Haircuts

2025-01-16 * " MAYUR NANASAHEB SHELKE " ""
  Assets:Banks:Kotak                               -1000.00 INR
  Expenses:Family

2025-01-19 * "Jagdish" "Chai for me and Vishal"
  Assets:Banks:Kotak                                 -16.00 INR
  Expenses:Food:Jagdish

2025-01-20 * "IND*Amazon." "Untensil Rack (COD)"
  Assets:Banks:Kotak                                -899.00 INR
  Expenses:Utilities:Maintainence

2025-01-16 * "PhonePay Wallet" "Topping up the wallet"
  Assets:Banks:SBI                                  -100.00 INR
  Assets:Wallets:PhonePay

2025-01-16 * "Zomato" "Food delivery"
  Assets:Wallets:Zomato                             -274.30 INR
  Expenses:Food:Order

2025-01-17 * "Zomato" "Food delivery"
  Assets:Wallets:Zomato                             -288.55 INR
  Expenses:Food:Order

2025-01-18 * "Zomato" "Food delivery"
  Assets:Wallets:Zomato                             -257.40 INR
  Expenses:Food:Order

2025-01-14 * "IRCTC Eticketing" "Ticket Pune-CST-" #HomeTrip_Jan2025
  Liabilities:CreditCard:ICICI                      -766.80 INR
  Expenses:Travel:Train

2025-01-19 * "ZEPTO_DROG" "Grocery and that connector"
  Liabilities:CreditCard:Kotak                     -1077.87 INR
  Expenses:Food:Grocery
  Expenses:Utilities:Electronics                     799.00 INR

2025-01-19 * "TIFR Canteen" "Levelling it up Meal/snacks"
  Liabilities:Datanet                               -136.00 INR
  Expenses:Food:Canteen

2025-01-20 * "TIFR Canteen" "Meal/snacks"
  Liabilities:Datanet                                -21.00 INR
  Expenses:Food:Canteen

2025-01-23 * " Zomato Wallet " "Topping up zomato wallet"
  Assets:Wallets:Zomato                             2000.00 INR
  Liabilities:CreditCard:ICICI

2025-01-23 * "Zomato" "Food delivery"
  Assets:Wallets:Zomato                             -248.05 INR
  Expenses:Food:Order

2025-01-22 * "ZEPTO_DROG" "Grocery"
  Liabilities:CreditCard:Kotak                      -294.69 INR
  Expenses:Food:Grocery

2025-01-18 * "Jio " "Jio recharge"
  Liabilities:CreditCard:Sapphiro                  -1899.00 INR
  Expenses:Utilities:Mobile

2025-01-22 * "TIFR Canteen" "Meal/snacks"
  Liabilities:Datanet                                -97.00 INR
  Expenses:Food:Canteen

2025-01-23 * "TIFR Canteen" "Meal/snacks"
  Liabilities:Datanet                                -22.00 INR
  Expenses:Food:Canteen

2025-01-24 * "TIFR Canteen" "Meal/snacks"
  Liabilities:Datanet                                -42.00 INR
  Expenses:Food:Canteen

2025-01-25 * "TIFR Canteen" "Meal/snacks"
  Liabilities:Datanet                                -36.00 INR
  Expenses:Food:Canteen

2025-01-29 * "Rukn Husain Merchant" "Snacks at Jagdish"
  Assets:Banks:DCB                                   -30.00 INR
  Expenses:Food:Jagdish

2025-01-30 * " Sanjeev Bhaiya" "Received 40k for CC bill scare"
  Assets:Banks:SBI                                    40000 INR
  Assets:Receivables

2025-01-30 * " ICICI Credit Card" "Credit Card Bill "
  Assets:Banks:SBI                                -37329.46 INR
  Income:Cashback
  Liabilities:CreditCard:ICICI                     37382.46 INR

2025-01-30 * "TIFR" "Salary"
  Assets:Banks:SBI                                 40857.00 INR
  Income:TIFR:Salary

2025-01-30 * " Sanjeev Bhaiya" "Paid back 40k received for CC bill scare"
  Assets:Banks:SBI                                   -40001 INR
  Assets:Receivables

2025-02-01 * "Sakshee Taxi" "Taxi to Kala-Ghoda"
  Assets:Banks:SBI                                   -84.00 INR
  Expenses:Travel:TaxiBus

2025-02-01 * "Chetna" "FOod at KGAF"
  Assets:Banks:SBI                                   -90.00 INR
  Expenses:Food:Outside

2025-02-01 * " New Paris Saloon " "Haircut +"
  Assets:Banks:SBI                                  -900.00 INR
  Expenses:Grooming:Haircuts

2025-02-01 * "Premchand " "Nimbu-pani at KGAF"
  Assets:Banks:SBI                                   -20.00 INR
  Expenses:Food:Outside

2024-12-27 * "NMDC" "Share bonus"
  Assets:Stocks:Upstox:NMDC                              24 NMDC
  Income:Dividends

2025-01-25 * " Kotak life ins " "Premium for Smart Life"
  Liabilities:CreditCard:Kotak                    -35940.00 INR
  Expenses:Subscriptions:KotakLife

2025-01-25 * "Kotak credit card bill" "CC rewards converted to cash"
  Liabilities:CreditCard:Kotak                          500 INR
  Income:CCRewards

2025-01-26 * "ZEPTO_DROG" "Grocery"
  Liabilities:CreditCard:Kotak
  Expenses:Food:Grocery                              329.01 INR

2025-01-28 * "ZEPTO_DROG" "Grocery"
  Liabilities:CreditCard:Kotak
  Expenses:Food:Grocery                              248.05 INR

2025-01-30 * "ZEPTO_DROG" "Grocery"
  Liabilities:CreditCard:Kotak
  Expenses:Food:Grocery                              271.53 INR

2025-02-02 * " Kotak life ins " "Premuim + interest converted to EMI"
  Liabilities:CreditCard:Kotak
  Expenses:Subscriptions:KotakLife                  3070.71 INR
  Expenses:Investments:Tax                            18.85 INR

2025-02-02 * "ZEPTO_DROG" "Grocery"
  Liabilities:CreditCard:Kotak
  Expenses:Food:Grocery                              340.07 INR

2025-02-05 * " MAYUR NANASAHEB SHELKE " ""
  Assets:Banks:SBI                                 -1000.00 INR
  Expenses:Family                                   1000.00 INR

2025-02-09 * " MAYUR NANASAHEB SHELKE " "For his glasses"
  Assets:Banks:SBI                                 -2100.00 INR
  Assets:Wallets:PhonePay                           -100.00 INR
  Expenses:Family

2025-02-05 * "Buy MF" "Purchase of 27.80 QIFRP"
  Assets:MFs:Cherry:QIFRP                             27.80 QIFRP @ 35.97122302158273381294964029 INR
  Assets:Banks:Kotak

2025-02-06 * "Upstox" "Extracted from upstox after selling gold"
  Assets:Banks:Kotak                                  17000 INR
  Assets:Wallets:UpstoxWallet

2025-02-06 * "RD" "Monthly RD"
  Assets:Banks:Kotak                                  -8000 INR
  Assets:Deposits:RD                                   8000 INR

2025-02-06 * "Kotak Credit Card Bill" ""
  Assets:Banks:Kotak                               -6739.99 INR
  Liabilities:CreditCard:Kotak


2025-02-06 * "Sapphiro Bill" ""
  Assets:Banks:Kotak                               -1886.00 INR
  Liabilities:CreditCard:Sapphiro                   1899.00 INR
  Income:CCRewards                                   -13.00 INR

2025-02-09 * " MAYUR NANASAHEB SHELKE " "For his recharge"
  Assets:Banks:Kotak                                -300.00 INR
  Expenses:Family

2025-02-09 * "Rukn Husain Merchant" "Snacks at Jagdish"
  Assets:Banks:DCB                                   -18.00 INR
  Expenses:Food:Jagdish

2025-02-10 * "Rukn Husain Merchant" "Snacks at Jagdish"
  Assets:Banks:DCB                                   -38.00 INR
  Expenses:Food:Jagdish

2025-02-05 * "Upstox" "Selling GoldBees for money"
  Assets:Stocks:Upstox:GOLDBEES                     -250.00 GOLDBEES @ 71.25 INR
  Expenses:Investments:Brokerage                      20.00 INR
  Expenses:Investments:Charges                        26.09 INR
  Assets:Wallets:UpstoxWallet

2025-02-14 * " SANGEETA NANASAHEB SHELKE " "Sent me for Light bill and pity"
  Assets:Banks:Kotak                                3000.00 INR
  Expenses:Family

2025-02-15 * " MUKUND NANASAHEB SHELAKE " "Sent to SBI to pay light bill"
  Assets:Banks:SBI                                  2700.00 INR
  Assets:Banks:Kotak

2025-02-15 * "Rukn Husain Merchant" "Snacks at Jagdish"
  Assets:Banks:Kotak                                 -33.00 INR
  Expenses:Food:Jagdish

2025-02-15 * "SBI" "Sent to collect all of remaining money in one place"
  Assets:Banks:Kotak                                -340.00 INR
  Assets:Banks:SBI

2025-02-16 * "Sarfaraj Alam" "Sold ETH"
  Assets:Banks:Kotak                                1805.00 INR
  Assets:Crypto:Binance:ETH                      -0.0075 ETH @ 240834.14 INR
  Expenses:Investments:TransactionFees

2025-02-13 * "Rukn Husain Merchant" "Snacks at Jagdish"
  Assets:Banks:SBI                                   -23.00 INR
  Expenses:Food:Jagdish

2025-02-15 * "MSEDCL Mahavitaran - Maharashtra Electricity" "Light bill"
  Assets:Banks:SBI                                 -2610.00 INR
  Expenses:Family

2025-02-16 * "Rukn Husain Merchant" "Snacks at Jagdish"
  Assets:Banks:SBI                                   -38.00 INR
  Expenses:Food:Jagdish

2025-02-16 * " Petty expenses " "inbalanced cash"
  Assets:Cash:INR                                   -130.00 INR
  Expenses:PettyExpenses

2025-02-16 * "Staked Interest" "ETH staked"
  Income:Staking                                 -0.00000699 BETH
  Assets:Crypto:Binance:BETH

2025-02-16 * "Staked Interest" "FDUSD staked"
  Income:Staking                               -0.1497211 FDUSD
  Assets:Crypto:Binance:FDUSD

2025-02-16 * "Staked Interest" "VET staked"
  Income:Staking
  Assets:Crypto:Binance:VET                      0.00057856 VET

2025-02-16 * "Staked Interest" "VET staked"
  Income:Staking
  Assets:Crypto:Binance:VTHO                    1.139577506 VTHO

2025-02-16 * "Staked Interest" "USDT staked"
  Income:Staking
  Assets:Crypto:Binance:USDT                          0.001 USDT

2025-02-08 * "Zomato" "Topping up zomato wallet"
  Assets:Wallets:Zomato                              212.00 INR
  Liabilities:CreditCard:Sapphiro

2025-02-09 * "Zomato" "Topping up zomato wallet"
  Assets:Wallets:Zomato                             1229.00 INR
  Liabilities:CreditCard:ICICI

2025-02-07 * "ZEPTO_DROG" "Grocery"
  Liabilities:CreditCard:Kotak
  Expenses:Food:Grocery                              153.18 INR

2025-02-12 * "ZEPTO_DROG" "Grocery"
  Liabilities:CreditCard:Kotak
  Expenses:Food:Grocery                              423.94 INR

2025-02-14 * "ZEPTO_DROG" "Grocery"
  Liabilities:CreditCard:Kotak
  Expenses:Food:Grocery                              283.88 INR

2025-02-05 * "ZEPTO_DROG" "Grocery"
  Liabilities:CreditCard:Kotak
  Expenses:Food:Grocery                              380.15 INR

2025-02-05 * "ZEPTO_DROG" "Grocery"
  Liabilities:CreditCard:Kotak
  Expenses:Food:Grocery                              491.15 INR

2025-02-05 * "ZEPTO_DROG" "Grocery"
  Liabilities:CreditCard:Kotak                       480.34 INR
  Expenses:Food:Grocery

2025-02-18 * "Dividends" "Coal India"
  Assets:Banks:Kotak                                  28.00 INR
  Income:Dividends

2025-02-20 * "Dividends" "LT Foods"
  Assets:Banks:Kotak                                   3.50 INR
  Income:Dividends

2025-02-22 * " MARATHA  STORES " "Grocery"
  Assets:Banks:Kotak                                -205.00 INR
  Expenses:Food:Grocery

2025-02-23 * "Zomato" "defeciency in zomato wallet"
  Expenses:Food:Order                              274.30 INR
  Assets:Banks:Kotak

2025-02-25 * "Dividends" "Sun tv"
  Assets:Banks:Kotak                                  10.00 INR
  Income:Dividends

2025-02-17 * "Rukn Husain Merchant" "Snacks at Jagdish"
  Assets:Banks:SBI                                   -53.00 INR
  Expenses:Food:Jagdish

2025-02-18 * "Pooja Milk Center" "Milk"
  Assets:Banks:SBI                                   -28.00 INR
  Expenses:Food:Grocery

2025-02-20 * "Binod Kumar" "paid to taxi defecient after cash"
  Assets:Banks:SBI  -30.00 INR
  Expenses:Travel:TaxiBus  

2025-02-20 * "MD Quasim Ali" "Taxi from RTO to TIFR"
  Assets:Banks:SBI                                  -250.00 INR
  Expenses:Travel:TaxiBus

2025-02-26 * "RuRosh Concepts" "Jagdish"
  Assets:Banks:SBI                                   -32.00 INR
  Expenses:Food:Jagdish

2025-03-02 * "RuRosh Concepts" "Jagdish"
  Assets:Banks:SBI                                   -51.00 INR
  Expenses:Food:Jagdish

2025-02-27 * "TIFR" "Salary"
  Assets:Banks:SBI                                 41289.00 INR
  Income:TIFR:Salary

2025-02-27 * "Amazon" "Chai sahets"
  Assets:Wallets:AmazonPay
  Expenses:Food:Grocery                              500.00 INR

2025-02-27 * "IND*Amazon." ""
  Assets:Wallets:AmazonPay                          -305.00 INR
  Expenses:Utilities:Electronics

2025-03-01 * " ICICI CC Rewards" ""
  Assets:Wallets:AmazonPay                            63.00 INR
  Income:CCRewards

2025-01-26 * "Zomato" "Food delivery"
  Assets:Wallets:Zomato                             -221.80 INR
  Expenses:Food:Order

2025-01-28 * "Zomato" "Food delivery"
  Assets:Wallets:Zomato                             -158.80 INR
  Expenses:Food:Order

2025-01-31 * "Zomato" "Food delivery"
  Assets:Wallets:Zomato                             -252.25 INR
  Expenses:Food:Order

2025-02-01 * "Zomato" "Food delivery"
  Assets:Wallets:Zomato                             -279.55 INR
  Expenses:Food:Order

2025-02-02 * "Zomato" "Food delivery"
  Assets:Wallets:Zomato                             -252.25 INR
  Expenses:Food:Order

2025-02-04 * "Zomato" "Food delivery"
  Assets:Wallets:Zomato                             -230.10 INR
  Expenses:Food:Order

2025-02-04 * "Zomato" "Food delivery"
  Assets:Wallets:Zomato                             -274.30 INR
  Expenses:Food:Order

2025-02-08 * "Zomato" "Food delivery"
  Assets:Wallets:Zomato                             -295.30 INR
  Expenses:Food:Order

2025-02-09 * "Zomato" "Food delivery"
  Assets:Wallets:Zomato                             -228.95 INR
  Expenses:Food:Order

2025-02-10 * "Zomato" "Food delivery"
  Assets:Wallets:Zomato                             -259.80 INR
  Expenses:Food:Order

2025-02-12 * "Zomato" "Food delivery"
  Assets:Wallets:Zomato                             -274.30 INR
  Expenses:Food:Order

2025-02-15 * "Zomato" "Food delivery"
  Assets:Wallets:Zomato                             -449.95 INR
  Expenses:Food:Order

2025-02-16 * "Zomato" "Food delivery"
  Assets:Wallets:Zomato                             -249.95 INR
  Expenses:Food:Order

2025-02-19 * "Zomato" "Food delivery"
  Assets:Wallets:Zomato                             -241.75 INR
  Expenses:Food:Order

2025-02-20 * "Zomato" "Food delivery"
  Assets:Wallets:Zomato                             -308.43 INR
  Expenses:Food:Order

2025-02-21 * "Zomato" "Food delivery"
  Assets:Wallets:Zomato                             -179.80 INR
  Expenses:Food:Order

2025-02-22 * "Zomato" "Food delivery"
  Assets:Wallets:Zomato                             -253.30 INR
  Expenses:Food:Order

2025-02-23 * "Zomato" "Food delivery"
  Assets:Wallets:Zomato                             -274.30 INR
  Expenses:Food:Order

2025-02-24 * "Zomato" "Food delivery"
  Assets:Wallets:Zomato                             -277.98 INR
  Expenses:Food:Order

2025-02-24 * "Zomato" "Food delivery"
  Assets:Wallets:Zomato                             -553.42 INR
  Expenses:Food:Order

2025-02-25 * "Zomato" "Food delivery"
  Assets:Wallets:Zomato                             -290.05 INR
  Expenses:Food:Order

2025-02-28 * "Zomato" "Food delivery"
  Assets:Wallets:Zomato                             -298.98 INR
  Expenses:Food:Order

2025-03-01 * "Zomato" "Food delivery"
  Assets:Wallets:Zomato                             -253.30 INR
  Expenses:Food:Order

2025-02-23 * "Zomato" "Refund-Food delivery"
  Assets:Wallets:Zomato                              274.30 INR
  Expenses:Food:Order

2025-02-16 * "Zomato" "deficiency in zomato wallet"
  Assets:Wallets:Zomato                              234.00 INR
  Liabilities:CreditCard:ICICI

2025-02-19 * "Zomato" "deficiency in zomato wallet"
  Assets:Wallets:Zomato                              242.00 INR
  Liabilities:CreditCard:ICICI

2025-02-20 * "Zomato" "deficiency in zomato wallet"
  Assets:Wallets:Zomato                              308.00 INR
  Liabilities:CreditCard:ICICI

2025-02-20 * "Zomato" "deficiency in zomato wallet"
  Assets:Wallets:Zomato                              180.00 INR
  Liabilities:CreditCard:ICICI

2025-02-22 * "Zomato" "deficiency in zomato wallet"
  Assets:Wallets:Zomato                              253.00 INR
  Liabilities:CreditCard:ICICI

2025-02-23 * "ERROR" "Sent from CC but never received in Zomato wallet"
  Expenses:PettyExpenses                           275.00 INR
  Liabilities:CreditCard:ICICI

2025-02-23 * "Zomato" "deficiency in zomato wallet"
  Assets:Wallets:Zomato                              275.00 INR
  Liabilities:CreditCard:ICICI

2025-02-24 * "Zomato" "Topping up zomato wallet"
  Assets:Wallets:Zomato                             1000.00 INR
  Liabilities:CreditCard:ICICI

2025-02-28 * "Zomato" "deficiency in zomato wallet"
  Assets:Wallets:Zomato                              146.00 INR
  Liabilities:CreditCard:ICICI

2025-03-01 * "Zomato" "deficiency in zomato wallet"
  Assets:Wallets:Zomato         253.00
  Liabilities:CreditCard:ICICI

2025-03-02 * " Kotak life ins " "Premuim + interest converted to EMI"
  Liabilities:CreditCard:Kotak
  Expenses:Subscriptions:KotakLife                  3070.67 INR
  Expenses:Investments:Tax                             9.51 INR

2024-12-23 * "IRCTC Eticketing" "BHU-Mumbai Flight"
  Liabilities:CreditCard:Kotak
  Expenses:Travel:Plane                            10715.97 INR

2024-12-24 * "IRCTC Eticketing" "Railway Surcharge waiver"
  Liabilities:CreditCard:Kotak                       192.89 INR
  Expenses:Travel:Plane

2024-12-25 * "IRCTC Eticketing" "Refund: BHU-MUM ticket"
  Liabilities:CreditCard:Kotak                     10715.97 INR
  Expenses:Travel:Plane

2024-12-26 * "IRCTC Eticketing" "Railway Surcharge Waiver reversal"
  Liabilities:CreditCard:Kotak                      -192.89 INR
  Expenses:Travel:Plane

2025-01-21 * "Zomato" "deficiency in zomato wallet"
  Assets:Wallets:Zomato
  Assets:Banks:SBI                                  -136.00 INR

2025-01-21 * "Zomato" "Food delivery"
  Assets:Wallets:Zomato                             -232.30 INR
  Expenses:Food:Order

2025-03-03 * " MUKUND NANASAHEB SHELAKE " "Topping the Niyo wallet"
  Assets:Banks:SBI
  Assets:Banks:DCB                                  1000.00 INR

2025-03-03 * "Farhana Punathil" "Chaha near Getway"
  Assets:Banks:DCB                                   -15.00 INR
  Expenses:Food:Outside

2025-03-03 * " COLABA SWEET MART " "Samosa + Kachori"
  Assets:Banks:DCB                                   -80.00 INR
  Expenses:Food:Outside

2025-03-03 * " New Paris Saloon " "Haircut +"
  Assets:Banks:DCB                                  -900.00 INR
  Expenses:Grooming:Haircuts                         900.00 INR

2025-03-03 * " MUKUND NANASAHEB SHELAKE " "Topping the Niyo wallet"
  Assets:Banks:SBI
  Assets:Banks:DCB                                  4000.00 INR

2025-03-11 * "Rukn Husain Merchant" "Dinner at Jagdish"
  Assets:Banks:DCB                                   -50.00 INR
  Expenses:Food:Jagdish

2025-03-11 * "Rukn Husain Merchant" "Dinner at Jagdish"
  Assets:Banks:DCB
  Expenses:Food:Jagdish                               30.00 INR

2025-03-12 * "Rukn Husain Merchant" "Snacks at Jagdish"
  Assets:Banks:DCB
  Expenses:Food:Jagdish                               24.00 INR

2025-03-14 * " MUKUND NANASAHEB SHELAKE " "extracting the Niyo wallet to pay Kotak bill"
  Assets:Banks:DCB
  Assets:Banks:Kotak                                3900.00 INR

2025-03-03 * " AZAD RAJKUMAR YADAV " "Ehsan on fruit seller"
  Assets:Banks:Kotak                                -500.00 INR
  Assets:Receivables

2025-03-04 * " MUKUND NANASAHEB SHELAKE " "Added to Kotak for FD"
  Assets:Banks:SBI
  Assets:Banks:Kotak                                8000.00 INR

2025-03-05 * "Buy MF" "IPVDF"
  Assets:MFs:Cherry:IPVDF                              2.40 IPVDF @ 416.6666666666666666666666667 INR
  Assets:Banks:Kotak

2025-03-05 * "Buy MF" "KEEF"
  Assets:MFs:Cherry:KEEF                               8.88 KEEF @@ 1000 INR
  Assets:Banks:Kotak         -1000.000000000000000000000000 INR

2025-03-05 * "Buy MF" "KEEF"
  Assets:MFs:Cherry:KEEF                               8.88 KEEF @ 112.6126126126126126126126126 INR
  Assets:Banks:Kotak         -1000.000000000000000000000000 INR

2025-03-05 * "Buy MF" "QIFRP"
  Assets:MFs:Cherry:QIFRP                             30.32 QIFRP @ 32.98153034300791556728232190 INR
  Assets:Banks:Kotak

2025-03-05 * "Buy MF" "SMMF"
  Assets:MFs:Cherry:SMMF                               4.75 SMMF @ 210.5263157894736842105263158 INR
  Assets:Banks:Kotak

2025-03-05 * " MUKUND NANASAHEB SHELAKE " "Send to pay RD as first contri was used by MFs"
  Assets:Banks:SBI
  Assets:Banks:Kotak                                5000.00 INR

2025-03-06 * "RD" "Monthly RD"
  Assets:Banks:Kotak                                  -8000 INR
  Assets:Deposits:RD                                   8000 INR

2025-03-06 * "Kotak RD" "Chr for failed RD standing instructions"
  Assets:Banks:Kotak                                -118.00 INR
  Expenses:Investments:Charges

2025-03-12 * " Mr VINOD SUBHASH INGALE " "Holi gift to cleaners"
  Assets:Banks:Kotak                                   -501 INR
  Expenses:Charity                                      501 INR

2025-03-14 * "Rabiratna Meher" "Sold BTC P2P"
  Assets:Banks:Kotak                                   6600 INR
  Assets:Crypto:Binance:BTC                     -0.00092 BTC @ 7181921.00 INR
  Expenses:Investments:TransactionFees           0.00000092 BTC @ 7181921.00 INR
  Expenses:Investments:TransactionFees

2025-03-14 * "Aruna" "Sold BNB P2P"
  Assets:Banks:Kotak                                2364.00 INR
  Assets:Crypto:Binance:BNB                     -0.04698562 BNB @ 50350 INR
  Expenses:Investments:TransactionFees           0.00004698 BNB @ 50350 INR
  Expenses:Investments:TransactionFees

2025-03-14 * " MUKUND NANASAHEB SHELAKE " "To pay the CC bill"
  Assets:Banks:SBI                                  6800.00 INR
  Assets:Banks:Kotak

2025-03-14 * "GOOGLE PLAY" "Reward for a payment"
  Assets:Banks:Kotak                                   5.00 INR
  Expenses:Subscriptions:Software

2025-03-14 * " MUKUND NANASAHEB SHELAKE " "To pay the CC bill"
  Assets:Banks:SBI
  Assets:Banks:Kotak                               37390.00 INR

2025-03-14 * "Kotak Credit Card Bill" "Paid the bill"
  Assets:Banks:Kotak
  Liabilities:CreditCard:Kotak                     41471.08 INR

2025-03-14 * "Rukn Husain Merchant" "Lunch at Jagdish"
  Assets:Banks:Kotak
  Expenses:Food:Jagdish                               62.00 INR

2025-03-14 * "Rukn Husain Merchant" "snacks at Jagdish"
  Assets:Banks:Kotak                                 -18.00 INR
  Expenses:Food:Jagdish

2025-03-15 * "IND*Amazon." "Prime Subscription"
  Assets:Banks:Kotak
  Expenses:Subscriptions:StreamingServices          1499.00 INR

2025-03-09 * "Jio" "Dada's recharge"
  Assets:Banks:SBI                                  -302.00 INR
  Expenses:Family

2025-03-10 * "vodaphone " "Mummy's recharge"
  Assets:Banks:SBI                                 -2002.00 INR
  Expenses:Family

2025-03-10 * " VODAFONEIDEA LIMITED " "Mayur's Recharge"
  Assets:Banks:SBI                                 -2002.00 INR
  Expenses:Family

2025-03-10 * "TIFR" "Reimbursement" #DAE2024
  Assets:Banks:SBI                                 11914.00 INR
  Income:TIFR:Reimbursement

2025-03-15 * "TIFR" "Reimbursement" #CERN_Nov24
  Assets:Banks:SBI                                200252.00 INR
  Income:TIFR:Reimbursement

2025-03-16 * "Rukn Husain Merchant" "Snacks at Jagdish"
  Assets:Banks:SBI                                   -24.00 INR
  Expenses:Food:Jagdish

2025-03-16 * " ICICI Credit Card" "Credit Card Bill "
  Assets:Banks:SBI
  Income:Cashback                                     -1.00 INR
  Liabilities:CreditCard:ICICI                       6762.8 INR

2025-03-16 * "Sapphiro Bill" "bill payment via cred"
  Assets:Banks:SBI
  Liabilities:CreditCard:Sapphiro                   2212.00 INR
  Income:Cashback                                    -19.00 INR

2025-03-08 * "Mr Vikaskumar" "Taxi from TIFR to CST"
  Assets:Banks:SBI                                     -150 INR
  Expenses:Travel:TaxiBus

2025-03-08 * "Mr Baliram" "Auto Station to Home"
  Assets:Banks:SBI                                  -200.00 INR
  Expenses:Travel:TaxiBus

2025-03-04 * "Rukn Husain Merchant" "Snacks at Jagdish"
  Assets:Banks:SBI                                   -66.00 INR
  Expenses:Food:Jagdish

2025-03-22 * "Zomato" "deficiency in zomato wallet"
  Assets:Banks:Kotak
  Assets:Wallets:Zomato                              180.00 INR

2025-03-25 * "Zomato" "deficiency in zomato wallet"
  Assets:Banks:Kotak
  Assets:Wallets:Zomato                              243.00 INR

2025-03-25 * " Kotak Smart Life: Payout" "First Payout"
  Income:KotakSmartLife:Payout
  Assets:Banks:Kotak                                9280.00 INR

2025-03-27 * " SANGEETA NANASAHEB SHELKE " "upi check"
  Assets:Banks:Kotak
  Expenses:Family                                      -1.00 INR

2025-03-27 * " SANGEETA NANASAHEB SHELKE " "For completing my 4lakh"
  Assets:Banks:Kotak                               50000.00 INR
  Expenses:Family

2025-03-27 * " SANGEETA NANASAHEB SHELKE " "For completing my 4lakh"
  Assets:Banks:Kotak                               49000.00 INR
  Expenses:Family

2025-03-27 * "Automatic sweep" "up DFD"
  Assets:Banks:Kotak                              -80000.00 INR
  Assets:Deposits:DFD

2025-03-28 * "NEFT HDFC" "Sold entire SMMF Cherry"
  Assets:Banks:Kotak
  Assets:MFs:Cherry:SMMF  -63.84  @  218.8251879699248120300751880 INR

2025-03-28 * "NEFT HDFC" "Sold entire QMAFRP cherry"
  Assets:Banks:Kotak
  Assets:MFs:Cherry:QMAFRP                          -100.91 QMAFRP @ 129.2289168566048954513923298 INR

2025-03-28 * "NEFT HDFC" "Sold entire IPVDF cherry"
  Assets:Banks:Kotak
  Assets:MFs:Cherry:IPVDF                            -30.76 IPVDF @ 432.8481794538361508452535761 INR

2025-03-28 * "NEFT HDFC" "Sold entire KEEF cherry"
  Assets:Banks:Kotak
  Assets:MFs:Cherry:KEEF                            -237.97 KEEF @ 116.5740219355380930369374291 INR

2025-03-28 * "NEFT HDFC" "Sold entire QIFRP cherry"
  Assets:Banks:Kotak
  Assets:MFs:Cherry:QIFRP                           -330.02 QIFRP @ 34.58750984788800678746742622 INR

2025-03-28 * "NEFT HDFC" "Sold entire HFF cherry"
  Assets:Banks:Kotak
  Assets:MFs:Cherry:HFF                               -7.47 HFF @ 1828.677376171352074966532798 INR

2025-03-28 * "Upstox " "Sold all assets"
  Assets:Wallets:UpstoxWallet
  Assets:Banks:Kotak                               64399.11 INR

2025-03-28 * "Joint Account" "For land buying"
  Assets:Banks:Kotak                                 -10.00 INR
  Expenses:Family

2025-03-28 * "Zomato" "Added to wallet"
  Assets:Banks:Kotak                                -300.00 INR
  Assets:Wallets:Zomato

2025-03-28 * "Joint Account" "For land buying"
  Assets:Banks:Kotak
  Expenses:Family                                  24000.00 INR

2025-03-29 * "Joint Account" "For land buying"
  Assets:Banks:Kotak
  Expenses:Family                                 100000.00 INR

2025-03-30 * "Zomato" "Added to wallet"
  Assets:Banks:Kotak
  Assets:Wallets:Zomato                              285.00 INR

2025-03-30 * "Joint Account" "For land buying"
  Assets:Banks:Kotak                             -100000.00 INR
  Expenses:Family                                 100000.00 INR

2025-03-30 * "DFD reduction" "reduction DFD"
  Assets:Banks:Kotak                                  60000 INR
  Assets:Deposits:DFD

2025-03-31 * "Quarterly Bank Interests" "Kotak Savings"
  Assets:Banks:Kotak                                  45.00 INR
  Income:BankInterests

2025-04-02 * " SANGEETA NANASAHEB SHELKE " "For completing my 4lakh"
  Assets:Banks:Kotak                                   1.00 INR
  Expenses:Family

2025-04-02 * " SANGEETA NANASAHEB SHELKE " "Obtained from gold to accumulate"
  Assets:Banks:Kotak                               50000.00 INR
  Expenses:Family

2025-04-02 * " SANGEETA NANASAHEB SHELKE " "Obtained from gold to accumulate"
  Assets:Banks:Kotak                               49000.00 INR
  Expenses:Family

2025-04-02 * "Joint Account" "For land buying (obtained from gold)"
  Assets:Banks:Kotak
  Expenses:Family                                 108000.00 INR

2025-04-02 * "Zomato" "Added to wallet"
  Assets:Banks:Kotak
  Assets:Wallets:Zomato                              251.00 INR

2025-04-02 * "DFD transfer" "Topped up DFD"
  Assets:Banks:Kotak
  Assets:Deposits:DFD                              -10000.00 INR

2025-04-03 * " New Paris Saloon " "Haircut +"
  Assets:Banks:Kotak                                -900.00 INR
  Expenses:Grooming:Haircuts                         900.00 INR

2025-04-04 * " ICICI Credit Card" "Credit Card Bill "
  Assets:Banks:Kotak
  Income:Cashback                                     -1.00 INR
  Liabilities:CreditCard:ICICI                      6625.80 INR

2025-04-04 * "Kotak Credit Card Bill" "Paid the bill"
  Assets:Banks:Kotak
  Liabilities:CreditCard:Kotak                     12071.01 INR
  Income:Cashback                                    -25.00 INR

2025-04-04 * "Sapphiro Bill" "bill payment via cred"
  Assets:Banks:Kotak
  Liabilities:CreditCard:Sapphiro                  12096.17 INR
  Income:Cashback                                     -1.00 INR

2025-04-04 * " MUKUND NANASAHEB SHELAKE " "To pay RD"
  Assets:Banks:SBI
  Assets:Banks:Kotak                               20000.00 INR

2025-04-05 balance Assets:Banks:Kotak              10570.43 INR

2025-04-04 balance Assets:Deposits:DFD                10000 INR

2025-04-04 balance Assets:Deposits:RD             309305.00 INR

2025-04-04 balance Assets:Wallets:UpstoxWallet       -23.60 INR

2025-04-04 balance Assets:Stocks:Upstox:GOLDBEES       0.00 GOLDBEES

2025-04-04 balance Assets:Stocks:Upstox:NMDC           0.00 NMDC

2025-04-04 balance Assets:Stocks:Upstox:NIFTYBEES      0.00 NIFTYBEES

2025-04-04 balance Assets:Stocks:Upstox:APOLLOTYRE     0.00 APOLLOTYRE

2025-04-04 balance Assets:Stocks:Upstox:AREM           0.00 AREM

2025-04-04 balance Assets:Stocks:Upstox:AVANTIFEED     0.00 AVANTIFEED

2025-04-04 balance Assets:Stocks:Upstox:CEATLTD        0.00 CEATLTD

2025-04-04 balance Assets:Stocks:Upstox:COALINDIA      0.00 COALINDIA

2025-04-04 balance Assets:Stocks:Upstox:HGINFRA        0.00 HGINFRA

2025-04-04 balance Assets:Stocks:Upstox:JINDALSAW      0.00 JINDALSAW

2025-04-04 balance Assets:Stocks:Upstox:JKIL           0.00 JKIL

2025-04-04 balance Assets:Stocks:Upstox:JKTYRE         0.00 JKTYRE

2025-04-04 balance Assets:Stocks:Upstox:JUNIORBEES     0.00 JUNIORBEES

2025-04-04 balance Assets:Stocks:Upstox:LIQUIDCASE     0.00 LIQUIDCASE

2025-04-04 balance Assets:Stocks:Upstox:LTFOODS        0.00 LTFOODS

2025-04-04 balance Assets:Stocks:Upstox:SBIN           0.00 SBIN

2025-04-04 balance Assets:Stocks:Upstox:SUNTV          0.00 SUNTV

2025-04-04 balance Assets:Stocks:Upstox:TATAMOTORS     0.00 TATAMOTORS

2025-04-04 balance Assets:Stocks:Upstox:TIMETECHNO     0.00 TIMETECHNO

2025-04-04 balance Assets:Stocks:Upstox:UTIAMC         0.00 UTIAMC

2025-04-04 balance Assets:MFs:Cherry:KEEF              0.00 KEEF

2025-04-04 balance Assets:MFs:Cherry:QIFRP             0.00 QIFRP

2025-04-04 balance Assets:MFs:Cherry:IPVDF             0.00 IPVDF

2025-04-04 balance Assets:MFs:Cherry:SMMF              0.00 SMMF

2025-04-04 balance Assets:MFs:Cherry:HFF               0.00 HFF

2025-04-04 balance Assets:MFs:Cherry:QMAFRP            0.00 QMAFRP

2025-04-04 balance Assets:MFs:Cherry:AGF              43.53 AGF

2025-04-04 balance Assets:MFs:Cherry:IPN5IF            4.17 IPN5IF

2025-04-05 balance Assets:Banks:SBI                24149.54 INR

2025-04-05 balance Assets:Wallets:Zomato            1748.25 INR

2025-04-05 balance Assets:Banks:DCB                 5000.04 INR

2025-04-18 balance Liabilities:CreditCard:Sapphiro  -2613.00 INR

2025-04-05 balance Liabilities:CreditCard:ICICI        0.00 INR

2025-04-04 balance Assets:Wallets:AmazonPay          386.61 INR

2025-04-05 balance Assets:Wallets:Zepto             2000.00 INR

2025-04-04 balance Assets:Crypto:Binance:ADA      40.007205 ADA


2025-03-23 * "Rukn Husain Merchant" "Snacks at Jagdish"
  Assets:Banks:Kotak                                   -28.00 INR
  Expenses:Food:Jagdish                               28.00 INR

2025-03-27 * "Nanasaheb Shelake" "Sent money to father"
  Assets:Banks:SBI
  Expenses:Family                                   7000.00 INR

2025-03-29 * "Atul " "Food during game night"
  Assets:Banks:SBI                                   -20.00 INR
  Expenses:Food:Grocery

2025-03-29 * "Joint Account" "For land buying"
  Assets:Banks:SBI
  Expenses:Family                                  50000.00 INR

2025-03-29 * "Joint Account" "For land buying"
  Assets:Banks:SBI
  Expenses:Family                                  49000.00 INR

2025-03-31 * "Joint Account" "For land buying"
  Assets:Banks:SBI
  Expenses:Family                                  76000.00 INR

2025-04-03 * "TIFR" "Salary"
  Assets:Banks:SBI                                 41325.00 INR
  Income:TIFR:Salary

2025-04-04 * "Rukn Husain Merchant" "Snacks at Jagdish"
  Assets:Banks:SBI
  Expenses:Food:Jagdish                               83.00 INR

2025-04-04 * " MARATHA  STORES " "Grocery"
  Assets:Banks:SBI
  Expenses:Food:Grocery                              360.00 INR

2025-04-04 * " Niyo " "Monthly dist: Topping up NIYO"
  Assets:Banks:SBI
  Assets:Banks:DCB                                  3718.00 INR

2025-03-17 * "RuRosh Concepts" "Jagdish"
  Assets:Banks:SBI
  Expenses:Food:Jagdish                                8.00 INR

2025-03-20 * "Supriyo Saha" "Terrace party coupon"
  Assets:Banks:SBI                                  -430.00 INR
  Expenses:Entertainment:Partying

2025-03-24 * " Niyo " "Topping up NIYO"
  Assets:Banks:SBI
  Assets:Banks:DCB                                  2000.00 INR

2025-03-26 * "RuRosh Concepts" "Jagdish"
  Assets:Banks:SBI
  Expenses:Food:Jagdish                               33.00 INR

2025-04-03 * "Shahidhusain" "Grapes"
  Assets:Banks:DCB
  Expenses:Food:Grocery                              100.00 INR

2025-04-03 * " COLABA SWEET MART " "Kachori + Chiwda"
  Assets:Banks:DCB
  Expenses:Food:Grocery                              370.00 INR

2025-04-02 * "Rukn Husain Merchant" "Snacks at Jagdish"
  Assets:Banks:DCB
  Expenses:Food:Jagdish                               51.00 INR

2025-04-01 * "Quarterly Bank Interests" "DCB"
  Assets:Banks:DCB
  Income:BankInterests                                -3.00 INR

2025-03-31 * "Rukn Husain Merchant" "Snacks at Jagdish"
  Assets:Banks:DCB
  Expenses:Food:Jagdish                               18.00 INR

2025-03-30 * "Rukn Husain Merchant" "Snacks at Jagdish"
  Assets:Banks:DCB
  Expenses:Food:Jagdish                               28.00 INR

2025-03-24 * "Rukn Husain Merchant" "Snacks at Jagdish"
  Assets:Banks:DCB
  Expenses:Food:Jagdish                               28.00 INR

2025-03-29 * "Rukn Husain Merchant" "Snacks at Jagdish"
  Assets:Banks:DCB
  Expenses:Food:Jagdish                               73.00 INR

2025-03-27 * "Rukn Husain Merchant" "Snacks at Jagdish"
  Assets:Banks:DCB
  Expenses:Food:Jagdish                               59.00 INR

2025-04-04 * "Zepto" "Topped the wallet"
  Liabilities:CreditCard:Kotak                     -2000.00 INR
  Assets:Wallets:Zepto

2025-03-30 * " ICICI CC Rewards" "March rewards"
  Assets:Wallets:AmazonPay                           202.00 INR
  Income:CCRewards

2025-03-03 * "Zomato" "Added to wallet"
  Liabilities:CreditCard:ICICI
  Assets:Wallets:Zomato                             2000.00 INR

2025-03-04 * "IND*Amazon." "File, Murakami and Snapcase"
  Liabilities:CreditCard:ICICI
  Expenses:Entertainment:BooksAndMagazines          1075.00 INR
  Expenses:Utilities:Electronics                     299.00 INR
  Expenses:Utilities:Maintainence                    639.00 INR

2025-03-10 * "IRCTC Eticketing" "Ticket Pune-CST"
  Liabilities:CreditCard:ICICI                      -766.80 INR
  Expenses:Travel:Train                              766.80 INR

2025-03-20 * "IND*Amazon." "Toilet paper, supporter, gym towel and sneaker cleaner"
  Liabilities:CreditCard:ICICI
  Expenses:Utilities:Maintainence                    350.00 INR
  Expenses:Shopping:HealthndWellness                 599.00 INR
  Expenses:Shopping:HealthndWellness                 199.00 INR
  Expenses:Shopping:Clothing                         299.00 INR

2025-04-14 balance Assets:Banks:Kotak              12576.43 INR

2025-04-14 balance Assets:Deposits:RD             321410.00 INR

2025-04-05 * "RD interest" "interest for Q1"
  Assets:Deposits:RD                                4105.00 INR
  Income:BankInterests

2025-04-05 * "RD" "Monthly RD"
  Assets:Banks:Kotak                                  -8000 INR
  Assets:Deposits:RD                                   8000 INR


2025-04-10 * "GOOGLE Cloud" "giving back my initial"
  Liabilities:CreditCard:Kotak                         2.00 INR
  Expenses:Subscriptions:Software

2025-03-19 * "Demat maintenance charges" "Upstox chrged me"
  Assets:Wallets:UpstoxWallet                        -88.50 INR
  Expenses:Investments:Charges

2025-03-28 * "Upstox" "charges for getting money out"
  Assets:Wallets:UpstoxWallet                        -23.60 INR
  Expenses:Investments:Charges


2025-03-27 * "Upstox" "sold everything"
  Assets:Stocks:Upstox:AREM                           -3.00 AREM @ 1037.15 INR
  Assets:Stocks:Upstox:SBIN                           -1.00 SBIN @ 767.05 INR
  Assets:Stocks:Upstox:JINDALSAW                     -10.00 JINDALSAW @ 271.02 INR
  Assets:Stocks:Upstox:CEATLTD                        -1.00 CEATLTD @ 2848.05 INR
  Assets:Stocks:Upstox:AVANTIFEED                     -3.00 AVANTIFEED @ 899.65 INR
  Assets:Stocks:Upstox:TIMETECHNO                     -7.00 TIMETECHNO @ 413.0642857142857142857142857 INR
  Assets:Stocks:Upstox:HGINFRA                        -3.00 HGINFRA @ 1066.45 INR
  Assets:Stocks:Upstox:UTIAMC                         -3.00 UTIAMC @ 1056 INR
  Assets:Stocks:Upstox:LIQUIDCASE                     -8.00 LIQUIDCASE @ 107.74 INR
  Assets:Stocks:Upstox:NIFTYBEES                    -108.00 NIFTYBEES @ 263.7 INR
  Assets:Stocks:Upstox:JUNIORBEES                     -1.00 JUNIORBEES @ 668.51 INR
  Assets:Stocks:Upstox:AUROPH                         -2.00 AUROPH @@ 2302.00 INR
  Assets:Stocks:Upstox:LTFOODS                         -7.00 LTFOODS @@ 2570.05 INR
  Assets:Stocks:Upstox:MOTILALOFS                     -5.00 MOTILALOFS @@ 3082.25 INR
  Assets:Stocks:Upstox:MOILLTD                        -8.00 MOILLTD @@ 2574.80 INR
  Assets:Stocks:Upstox:GULFOILLUB                     -2.00 GULFOILLUB @@2344.40 INR
  Expenses:Investments:Charges                       787.74 INR
  Assets:Wallets:UpstoxWallet


2025-03-06 * "Upstox" "Smallcase rebalancing"
  Assets:Wallets:UpstoxWallet
  Expenses:Investments:Charges                       521.89 INR
  Assets:Stocks:Upstox:AREM                            1.00 AREM @ 1008.2 INR
  Assets:Stocks:Upstox:JINDALSAW                       2.00 JINDALSAW @ 268.9 INR
  Assets:Stocks:Upstox:TATAMOTORS                     -3.00 TATAMOTORS @ 637.1 INR
  Assets:Stocks:Upstox:APOLLOTYRE                     -6.00 APOLLOTYRE @@ 2416.20 INR
  Assets:Stocks:Upstox:AVANTIFEED                     -1.00 AVANTIFEED @@ 802.00 INR
  Assets:Stocks:Upstox:AUROPH                          2.00 AUROPH @@2225.00 INR
  Assets:Stocks:Upstox:NMDC                          -36.00 NMDC @@ 2422.80 INR
  Assets:Stocks:Upstox:JKTYRE                         -5.00 JKTYRE @@ 1356.00 INR
  Assets:Stocks:Upstox:SUNTV                          -4.00 SUNTV @@ 2268.20 INR
  Assets:Stocks:Upstox:MOTILALOFS                      5.00 MOTILALOFS @@3061.25 INR
  Assets:Stocks:Upstox:JKIL                           -4.00 JKIL @@ 2647.45 INR
  Assets:Stocks:Upstox:COALINDIA                      -5.00 COALINDIA @@ 1909.25 INR
  Assets:Stocks:Upstox:MOILLTD                         8.00 MOILLTD @@ 2690.80 INR
  Assets:Stocks:Upstox:GULFOILLUB                      2.00 GULFOILLUB @@ 2446.00 INR
  Assets:Stocks:Upstox:HGINFRA                         1.00 HGINFRA @@ 1082.00 INR
  Assets:Stocks:Upstox:UTIAMC                          2.00 UTIAMC @@ 1929.35 INR

2025-04-17 balance Assets:Banks:Kotak              12376.43 INR

2025-04-05 * "DFD reduction" "reduction DFD"
  Assets:Banks:Kotak                               10000.00 INR
  Assets:Deposits:DFD

2025-04-05 * "FD PREMAT PROCEEDS" ""
  Assets:Banks:Kotak                                   6.00 INR
  Income:BankInterests

2025-04-16 * "Upstox " "Added to upstox"
  Assets:Wallets:UpstoxWallet                        100.00 INR
  Assets:Banks:Kotak

2025-04-16 * "Upstox" "Added to wallet"
  Assets:Wallets:UpstoxWallet                        100.00 INR
  Assets:Banks:Kotak

2025-04-16 * "Zomato" "McD"
  Assets:Wallets:Zomato
  Expenses:Food:Order                                295.41 INR

2025-04-13 * "Zomato" "Biryani Life"
  Assets:Wallets:Zomato
  Expenses:Food:Order                                298.45 INR

2025-04-11 * "Zomato" "ILoveMisal"
  Assets:Wallets:Zomato
  Expenses:Food:Order                                239.65 INR

2025-04-08 * "Zomato" "Chavan"
  Assets:Wallets:Zomato
  Expenses:Food:Order                                368.80 INR

2025-04-06 * "Zomato" "MH Hotel"
  Assets:Wallets:Zomato
  Expenses:Food:Order                                221.80 INR

2025-04-04 * "Zomato" "Colaba Spl"
  Assets:Wallets:Zomato
  Expenses:Food:Order                                252.25 INR

2025-04-02 * "Zomato" "ZAZA"
  Assets:Wallets:Zomato
  Expenses:Food:Order                                251.20 INR

2025-04-04 * "Zomato" "Money added to wallet"
  Assets:Wallets:Zomato                             2000.00 INR
  Liabilities:CreditCard:Sapphiro

2025-03-30 * "Zomato" "BK"
  Assets:Wallets:Zomato
  Expenses:Food:Order                                285.22 INR

2025-03-28 * "Zomato" "EatFit"
  Assets:Wallets:Zomato
  Expenses:Food:Order                                299.50 INR

2025-03-25 * "Zomato" "MH Hotel"
  Assets:Wallets:Zomato
  Expenses:Food:Order                                242.80 INR

2025-03-22 * "Zomato" "BK"
  Assets:Wallets:Zomato
  Expenses:Food:Order                                295.14 INR

2025-03-21 * "Zomato" ""
  Assets:Wallets:Zomato
  Expenses:Food:Order                                298.98 INR

2025-03-18 * "Zomato" "McD"
  Assets:Wallets:Zomato
  Expenses:Food:Order                                259.60 INR

2025-03-18 * "Zomato" ""
  Assets:Wallets:Zomato
  Expenses:Food:Order                                272.20 INR

2025-03-16 * "Zomato" "McD"
  Assets:Wallets:Zomato
  Expenses:Food:Order                                261.70 INR

2025-03-15 * "Zomato" "McD"
  Assets:Wallets:Zomato
  Expenses:Food:Order                                274.30 INR

2025-03-11 * "Zomato" "McD"
  Assets:Wallets:Zomato
  Expenses:Food:Order                                243.85 INR

2025-03-06 * "Zomato" "McD"
  Assets:Wallets:Zomato
  Expenses:Food:Order                                274.30 INR


2025-04-15 * "MSEDCL Mahavitaran - Maharashtra Electricity" "Light bill"
  Liabilities:CreditCard:Kotak
  Expenses:Family                                   3470.00 INR
  Assets:Wallets:CredCashback                         -1.00 INR

2025-03-30 * " Kotak life ins " "Premuim"
  Liabilities:CreditCard:Kotak
  Expenses:Subscriptions:KotakLife                 32268.00 INR

2025-03-16 * "MSEDCL Mahavitaran - Maharashtra Electricity" "Light bill"
  Liabilities:CreditCard:Kotak                     -3294.00 INR
  Expenses:Family
  Assets:Wallets:CredCashback                        -16.00 INR

2025-03-09 * "Railway Surcharge Waiver" ""
  Expenses:Travel:Train
  Liabilities:CreditCard:Kotak                        12.80 INR

2025-03-07 * "IRCTC Eticketing" ""
  Liabilities:CreditCard:Kotak
  Expenses:Travel:Train                              710.63 INR

2025-03-05 * "GOOGLE PLAY" "Fitify"
  Liabilities:CreditCard:Kotak
  Expenses:Subscriptions:Software                   4999.00 INR

2025-03-31 * "Zepto" "Grocery"
  Liabilities:CreditCard:Sapphiro
  Expenses:Food:Grocery                              241.00 INR

2025-03-30 * "Zepto" "Grocery"
  Liabilities:CreditCard:Sapphiro
  Expenses:Food:Grocery                              372.00 INR

2025-03-18 * "Proton AG" "Bought proton sub for 2 yrs"
  Liabilities:CreditCard:Sapphiro
  Expenses:Subscriptions:Software                  10643.68 INR

2025-03-19 * "Zepto" "Grocery"
  Liabilities:CreditCard:Sapphiro
  Expenses:Food:Grocery                               203.49 INR

2025-03-20 * "Zepto" "Grocery"
  Liabilities:CreditCard:Sapphiro                   -155.00 INR
  Expenses:Food:Grocery

2025-03-23 * "Zepto" "Grocery"
  Expenses:Food:Grocery
  Liabilities:CreditCard:Sapphiro                   -504.00 INR

2025-03-26 * "Zepto" "Grocery"
  Liabilities:CreditCard:Sapphiro
  Expenses:Food:Grocery                              590.00 INR

2025-02-17 * " Zomato Wallet " "Topping up zepto wallet"
  Liabilities:CreditCard:Sapphiro
  Assets:Wallets:Zepto                              2000.00 INR

2025-02-17 * "Zepto" "Grocery"
  Assets:Wallets:Zepto
  Expenses:Food:Grocery                              625.62 INR

2025-03-02 * "Zepto" "Grocery"
  Expenses:Food:Grocery                              511.34 INR
  Assets:Wallets:Zepto

2025-03-08 * "Zepto" "Grocery"
  Assets:Wallets:Zepto
  Expenses:Food:Grocery                              205.44 INR

2025-03-16 * "Zepto" "Grocery"
  Assets:Wallets:Zepto
  Expenses:Food:Grocery                              448.09 INR

2025-03-19 * "Zepto" "Grocery"
  Expenses:Food:Grocery                              209.51 INR
  Assets:Wallets:Zepto

2025-04-09 * "Zepto" "Grocery"
  Assets:Wallets:Zepto
  Expenses:Food:Grocery                              554.37 INR

2025-04-12 * "Zepto" "Grocery"
  Expenses:Food:Grocery                              341.62 INR
  Assets:Wallets:Zepto

2025-04-16 * "Zepto" "Grocery"
  Assets:Wallets:Zepto                              -754.31 INR
  Expenses:Food:Grocery

2025-04-20 * "Zepto" "Grocery"
  Assets:Wallets:Zepto
  Expenses:Food:Grocery                              349.70 INR

2025-03-25 * "Quarterly Bank Interests" "SBI"
  Assets:Banks:SBI                                   199.00 INR
  Income:BankInterests

2025-04-16 * "Rukn Husain Merchant" "Snacks at Jagdish"
  Assets:Banks:SBI
  Expenses:Food:Jagdish                               68.00 INR

2025-04-23 * "SBI" "ATM card fee"
  Assets:Banks:SBI                                  -236.00 INR
  Expenses:Investments:Charges


2025-04-25 * "Rukn Husain Merchant" "Snacks at Jagdish"
  Assets:Banks:SBI
  Expenses:Food:Jagdish                               49.00 INR

2025-04-25 * "Rukn Husain Merchant" "Snacks at Jagdish"
  Assets:Banks:SBI
  Expenses:Food:Jagdish                               35.00 INR

2025-04-29 * "TIFR" "Salary"
  Assets:Banks:SBI                                 41167.00 INR
  Income:TIFR:Salary

2025-04-30 * " SANGEETA NANASAHEB SHELKE " "Sent home"
  Assets:Banks:SBI                                -30000.00 INR
  Expenses:Family

2025-05-03 * " MUKUND NANASAHEB SHELAKE " "To pay RD"
  Assets:Banks:SBI
  Assets:Banks:Kotak                                8000.00 INR

2025-05-08 * " COLABA SWEET MART " "Snacks"
  Assets:Banks:SBI
  Expenses:Food:Grocery                              245.00 INR

2025-05-12 * "Kotak Credit Card Bill" "Paid the bill"
  Assets:Banks:SBI                                 -9981.01 INR
  Liabilities:CreditCard:Kotak
  Income:Cashback                                    -19.00 INR

2025-05-20 * "IRCTC Eticketing" "Ticket CST-Pune"
  Assets:Banks:SBI
  Expenses:Travel:Train                              684.05 INR

2025-05-22 * "Kedar Subhash Mane" "Dont remember"
  Assets:Banks:SBI
  Expenses:Food:Outside                              210.00 INR

2025-05-22 * "Vikram Singh" "Dont remember"
  Assets:Banks:SBI
  Expenses:Food:Outside                              110.00 INR

2025-05-22 * "AH Wheeler Canteen" "Dont remember"
  Assets:Banks:SBI
  Expenses:Food:Outside                               40.00 INR

2025-05-22 * " Ola " "Taxi"
  Assets:Banks:SBI
  Expenses:Travel:TaxiBus                            403.00 INR

2025-05-23 * "Rukn Husain Merchant" "Snacks at Jagdish"
  Assets:Banks:SBI
  Expenses:Food:Jagdish                               21.00 INR

2025-05-28 * "Prashant Shingade" "Maybe mangos"
  Assets:Banks:SBI
  Expenses:Food:Grocery                              100.00 INR

2025-05-29 * "TIFR" "Salary"
  Assets:Banks:SBI
  Income:TIFR:Salary                              -41354.00 INR

2025-05-30 * " SANGEETA NANASAHEB SHELKE " "Sent home"
  Assets:Banks:SBI                                -32000.00 INR
  Expenses:Family

2025-05-30 * " MUKUND NANASAHEB SHELAKE " "To pay RD"
  Assets:Banks:SBI
  Assets:Banks:Kotak                               20000.00 INR

2025-06-01 * "Rukn Husain Merchant" "Snacks at Jagdish"
  Assets:Banks:SBI
  Expenses:Food:Jagdish                               52.00 INR

2025-06-01 * "Rukn Husain Merchant" "Snacks at Jagdish"
  Assets:Banks:SBI
  Expenses:Food:Jagdish                               43.00 INR

2025-06-01 * "Rukn Husain Merchant" "Snacks at Jagdish"
  Assets:Banks:SBI
  Expenses:Food:Jagdish                               49.00 INR

2025-06-01 * "Rukn Husain Merchant" "Snacks at Jagdish"
  Assets:Banks:SBI
  Expenses:Food:Jagdish                               10.00 INR

2025-06-01 * " VODAFONEIDEA LIMITED " "Mobile Recharge"
  Assets:Banks:SBI
  Expenses:Utilities:Mobile                           48.00 INR

2025-06-04 * " COLABA SWEET MART " "Snacks"
  Assets:Banks:SBI
  Expenses:Food:Grocery                              175.00 INR

2025-06-12 * " MUKUND NANASAHEB SHELAKE " "Dont remember"
  Assets:Banks:SBI                                 -2100.00 INR
  Assets:Banks:Kotak

2025-06-22 * "Jagdish" "Snacks at Jagdish"
  Assets:Banks:SBI
  Expenses:Food:Jagdish  80.00 INR

2025-06-22 * "Jagdish" "UPI Payment"
  Assets:Banks:SBI  -80.00 INR
  Expenses:Food:Jagdish   80.00 INR

2025-06-24 * "Kotak" "Self transfer"
  Assets:Banks:SBI  -120.00 INR
  Assets:Banks:Kotak   120.00 INR

2025-06-25 * "TIFR" "Salary Credit"
  Assets:Banks:SBI  45959.00 INR
  Income:TIFR:Salary   -45959.00 INR

2025-06-25 * "SBI" "Credit Interest"
  Assets:Banks:SBI  162.00 INR
  Income:BankInterests   -162.00 INR

2025-06-26 * "MSABST ONEGOLF" "Golf shots #IITH"
  Assets:Banks:SBI  -2500.00 INR
  Expenses:Entertainment:Partying   2500.00 INR

2025-06-27 * "TIFR" "Salary Credit"
  Assets:Banks:SBI  40886.00 INR
  Income:TIFR:Salary   -40886.00 INR

2025-06-28 * "GOLLARA" "UPI Transfer #IITH"
  Assets:Banks:SBI  -2000.00 INR
  Expenses:Travel:TaxiBus   2000.00 INR

2025-06-28 * "RamojiF" "Baggage locker #IITH"
  Assets:Banks:SBI  -130.00 INR
  Expenses:Travel:Roaming   130.00 INR

2025-06-28 * "USHAKIRO" "Ramoji tickets #IITH"
  Assets:Banks:SBI  -5133.00 INR
  Expenses:Entertainment:ConcertsAndEvents   5133.00 INR

2025-06-28 * "KRIPALU" "Pani-puri #IITH"
  Assets:Banks:SBI  -65.00 INR
  Expenses:Food:Outside  65.00 INR

2025-06-28 * "Mr MOHD" "Souvenir #IITH"
  Assets:Banks:SBI  -100.00 INR
  Expenses:Shopping:Souvenirs   100.00 INR

2025-06-29 * "SANGEETA" "Send to mother"
  Assets:Banks:SBI  -30000.00 INR
  Expenses:Family   30000.00 INR

2025-06-29 * "SANGEETA" ""
  Assets:Banks:SBI  -1500.00 INR
  Expenses:Family   1500.00 INR

2025-07-12 * "ATM Withdrawal" "ATM Withdrawal"
  Assets:Banks:SBI  -1000.00 INR
  Assets:Cash:INR   1000.00 INR

2025-07-19 * "Ola Cabs" "taxi to muse academy"
  Assets:Banks:SBI  -835.00 INR
  Expenses:Skills:Guitar   835.00 INR

2025-07-30 * "TIFR" "Salary Credit"
  Assets:Banks:SBI  40935.00 INR
  Income:TIFR:Salary   -40935.00 INR

2025-08-15 * "ATM Withdrawal" "ATM Withdrawal #IISERM"
  Assets:Banks:SBI  -1200.00 INR
  Assets:Cash:INR   1200.00 INR

2025-09-06 * "Amazon Pay" "Amazon Pay Top-up"
  Assets:Banks:SBI  -84.04 INR
  Assets:Wallets:AmazonPay   84.04 INR

2025-09-25 * "TIFR" "Salary Credit #IITH"
  Assets:Banks:SBI  3862.00 INR
  Expenses:Travel:Train   -3862.00 INR

2025-09-25 * "SBI" "Credit Interest"
  Assets:Banks:SBI  213.00 INR
  Income:BankInterests   -213.00 INR

2025-06-27 * "Vendiman" "Some snack at #IITH"
  Assets:Banks:SBI                                   -20.00 INR
  Expenses:Food:Outside

2025-06-29 * "ISMAILM" "Tea/Snack at train" #IITH
  Assets:Banks:SBI
  Expenses:Food:Outside                                  20 INR

2025-06-29 * "GOPIN" "tea/snack at train" #IITH
  Assets:Banks:SBI
  Expenses:Food:Outside                               20.00 INR

2025-06-29 * "INEETS" "Tea/Snack in train"
  Assets:Banks:SBI
  Expenses:Food:Outside                               30.00 INR

2025-06-29 * "Mr Manoh" "Tea/Snack in train" #IITH
  Assets:Banks:SBI
  Expenses:Food:Outside                               20.00 INR

2025-06-29 * "Rukn Husain Merchant" "Snacks at Jagdish"
  Assets:Banks:SBI
  Expenses:Food:Jagdish                               28.00 INR

2025-06-29 * " Kotak " "For DFD"
  Assets:Banks:SBI                                -30000.00 INR
  Assets:Banks:Kotak

2025-07-03 * "Abdulra" "Taxi to Adagio"
  Assets:Banks:SBI
  Expenses:Skills:Guitar                             392.00 INR

2025-07-03 * "Sohilsu" "Taxi from Adagio to TIFR"
  Assets:Banks:SBI
  Expenses:Skills:Guitar                             595.00 INR

2025-07-03 * "Rukn Husain Merchant" "Snacks at Jagdish"
  Assets:Banks:SBI                                   -28.00 INR
  Expenses:Food:Jagdish                               28.00 INR

2025-07-03 * " MARATHA  STORES " "Grocery"
  Assets:Banks:SBI
  Expenses:Food:Grocery                              158.00 INR

2025-07-05 * "Rukn Husain Merchant" "Snacks at Jagdish"
  Assets:Banks:SBI
  Expenses:Food:Jagdish                                8.00 INR

2025-07-05 * "Rukn Husain Merchant" "Snacks at Jagdish"
  Assets:Banks:SBI
  Expenses:Food:Jagdish                               35.00 INR

2025-07-06 * "Rukn Husain Merchant" "Snacks at Jagdish"
  Assets:Banks:SBI
  Expenses:Food:Jagdish                               28.00 INR

2025-07-08 * "Rukn Husain Merchant" "Snacks at Jagdish"
  Assets:Banks:SBI                                   -35.00 INR
  Expenses:Food:Jagdish

2025-07-08 * "Rukn Husain Merchant" "Snacks at Jagdish"
  Assets:Banks:SBI                                   -35.00 INR
  Expenses:Food:Jagdish                               35.00 INR

2025-07-17 * "LambaDevi" "Snacks at Jagdish"
  Assets:Banks:SBI
  Expenses:Food:Jagdish                               40.00 INR

2025-07-17 * "LambaDevi" "Snacks at Jagdish"
  Assets:Banks:SBI                                   -10.00 INR
  Expenses:Food:Jagdish

2025-07-17 * " MARATHA  STORES " "Grocery"
  Assets:Banks:SBI                                  -168.00 INR
  Expenses:Food:Grocery

2025-07-19 * "Ola Cabs" "taxi from muse academy"
  Assets:Banks:SBI                                  -701.00 INR
  Expenses:Skills:Guitar

2025-07-20 * "Ravi Prakash" "Fee for first guitar month"
  Assets:Banks:SBI
  Expenses:Skills:Guitar                            2100.00 INR

2025-07-24 * "UTS" "local to TMA"
  Assets:Banks:SBI
  Expenses:Skills:Guitar                              10.00 INR

2025-07-24 * "UTS" "local to TMA"
  Assets:Banks:SBI                                   -10.00 INR
  Expenses:Skills:Guitar                              10.00 INR

2025-07-24 * "Arvind" "That one fraud Bhavani of taxi"
  Assets:Banks:SBI
  Expenses:Skills:Guitar                              50.00 INR

2025-07-24 * "Metro" "Metro for coming back"
  Assets:Banks:SBI
  Expenses:Skills:Guitar                              20.00 INR

2025-07-24 * "UTS" "Coming back from TMA"
  Assets:Banks:SBI                                   -10.00 INR
  Expenses:Skills:Guitar                              10.00 INR

2025-07-24 * "LambaDevi" "Snacks at Jagdish"
  Assets:Banks:SBI                                   -40.00 INR
  Expenses:Food:Jagdish                               40.00 INR

2025-07-24 * " MARATHA  STORES " "Grocery"
  Assets:Banks:SBI                                   -40.00 INR
  Expenses:Food:Grocery

2025-07-24 * " MARATHA  STORES " "Grocery"
  Assets:Banks:SBI
  Expenses:Food:Grocery                              250.00 INR

2025-07-24 * "Vijay" "Taxi from andheri to TMA"
  Assets:Banks:SBI
  Expenses:Skills:Guitar                             250.00 INR

2025-08-03 * " SANGEETA NANASAHEB SHELKE " "fromhome"
  Assets:Banks:SBI
  Expenses:Family                                      -1.00 INR

2025-08-04 * "Man Company" "Some skin product"
  Assets:Banks:SBI
  Expenses:Grooming:Skincare                         474.05 INR

2025-08-05 * " Kotak " "For RD"
  Assets:Banks:SBI
  Assets:Banks:Kotak                               25000.00 INR

2025-08-12 * "Jio " "Jio recharge #IISERM"
  Expenses:Utilities:Mobile                           69.00 INR
  Assets:Banks:SBI

2025-08-13 * "Himachal bus" "Bus to Dalhousi" #IISERM
  Assets:Banks:SBI
  Expenses:Travel:TaxiBus                            815.00 INR

2025-08-14 * "Ajay " "Dinner at dhaba" #IISERM
  Assets:Banks:SBI
  Expenses:Food:Outside                              180.00 INR

2025-08-16 * "Himachal bus" "Bus from Dalhousi" #IISERM
  Assets:Banks:SBI                                  -815.00 INR
  Expenses:Travel:TaxiBus                            815.00 INR

2025-08-25 * "Haier" "Laundry" #IISERM
  Assets:Banks:SBI
  Expenses:Travel:Accomodation                        40.00 INR

2025-08-27 * "TIFR" "Reimbursement for greece conf" #Greece
  Assets:Banks:SBI
  Income:TIFR:Reimbursement                        -36974.00 INR


2025-09-12 * "Atul" "Paid for that dinner"
  Assets:Banks:SBI
  Expenses:Food:Outside                              525.00 INR

2025-05-08 * " New Paris Saloon " "Haircut +"
  Assets:Banks:SBI                                  -900.00 INR
  Expenses:Grooming:Haircuts                         900.00 INR

2025-06-04 * " New Paris Saloon " "Haircut +"
  Assets:Banks:SBI                                -900.00 INR
  Expenses:Grooming:Haircuts                         900.00 INR


2025-06-18 * "Kotak Cherry" "Sold Axis MFs"
  Assets:Banks:Kotak                                1272.06 INR
  Assets:MFs:Cherry:AGF                              -43.53 AGF @@ 1272.06 INR

2025-06-18 * "Kotak Cherry" "Sold ICICI MFs"
  Assets:Banks:Kotak                                1042.68 INR
  Assets:MFs:Cherry:IPN5IF                               -4.17 IPN5IF @@ 1042.68 INR

2025-04-18 * " COLABA SWEET MART " "Snacks"
  Assets:Banks:Kotak
  Expenses:Food:Grocery                              220.00 INR

2025-04-21 * "Zomato" ""
  Assets:Banks:Kotak
  Expenses:Food:Order                                300.00 INR

2025-04-27 * "Rukn Husain Merchant" "Snacks at Jagdish"
  Assets:Banks:Kotak
  Expenses:Food:Jagdish                               43.00 INR

2025-04-29 * "Zomato" ""
  Assets:Banks:Kotak
  Expenses:Food:Order                                173.00 INR

2025-05-01 * "Zomato" ""
  Assets:Banks:Kotak
  Expenses:Food:Order                                221.00 INR

2025-05-03 * "Upstox" "From wallet"
  Assets:Wallets:UpstoxWallet
  Assets:Banks:Kotak                                 176.40 INR

2025-05-03 * " ICICI Credit Card" "Credit Card Bill "
  Assets:Banks:Kotak
  Income:Cashback                                     -1.00 INR
  Liabilities:CreditCard:ICICI                       2000.0 INR

2025-05-03 * "Sapphiro Bill" "bill payment via cred"
  Assets:Banks:Kotak
  Liabilities:CreditCard:Sapphiro                   2613.00 INR
  Income:Cashback                                     -1.00 INR

2025-05-05 * "RD" "Monthly RD"
  Assets:Banks:Kotak                                  -8000 INR
  Assets:Deposits:RD                                   8000 INR

2025-05-13 * " ICICI Credit Card" "Credit Card Bill: Debited auto"
  Assets:Banks:Kotak
  Liabilities:CreditCard:ICICI                      6240.57 INR

2025-05-19 * "Zomato" ""
  Assets:Banks:Kotak
  Expenses:Food:Order                                227.05 INR

2025-05-20 * "Md Siddiq" ""
  Assets:Banks:Kotak
  Expenses:Food:Outside                              190.00 INR

2025-05-20 * "Akash Anil" ""
  Assets:Banks:Kotak
  Expenses:Food:Outside                              300.00 INR

2025-05-28 * " Sanjeev Bhaiya" "paid back for laundry"
  Assets:Banks:Kotak                                  50.00 INR
  Assets:Receivables

2025-06-01 * " Kotak " "Debit card fee"
  Assets:Banks:Kotak
  Expenses:Investments:Charges                       174.42 INR

2025-05-30 * "Kotak Credit Card Bill" "Paid the bill"
  Assets:Banks:Kotak
  Liabilities:CreditCard:Kotak                      8973.33 INR
  Income:Cashback                                    -26.00 INR

2025-06-05 * "RD" "Monthly RD"
  Assets:Banks:Kotak                                  -8000 INR
  Assets:Deposits:RD                                   8000 INR

2025-06-12 * " Niyo " "got from niyo"
  Assets:Banks:Kotak                                2300.00 INR
  Assets:Banks:DCB

2025-06-13 * "Vyshakh" ""
  Assets:Banks:Kotak
  Expenses:Entertainment:Partying                    960.00 INR

2025-06-15 * " ICICI Credit Card" "Credit Card Bill"
  Assets:Banks:Kotak
  Liabilities:CreditCard:ICICI                      6300.00 INR
  Assets:Wallets:CredCashback                         -1.00 INR

2025-06-15 * "Vaishali" "Converted CC money"
  Assets:Banks:Kotak                                1500.00 INR
  Expenses:Family

2025-06-15 * " ICICI Credit Card" "Credit Card Bill"
  Assets:Banks:Kotak                                -996.04 INR
  Liabilities:CreditCard:ICICI                      1097.04 INR
  Assets:Wallets:CredCashback

2025-06-15 * " SANGEETA NANASAHEB SHELKE " "fromhome"
  Assets:Banks:Kotak                                   1.00 INR
  Expenses:Family                                     -1.00 INR

2025-06-16 * "Zepto" "Grocery"
  Assets:Banks:Kotak
  Expenses:Food:Grocery                              430.00 INR



2025-06-20 * " MAYUR NANASAHEB SHELKE " "For him"
  Assets:Banks:Kotak
  Expenses:Family                                    500.00 INR

2025-06-21 * "Nilesh Gaikawad" "Taxi to CSMT" #IITH
  Assets:Banks:Kotak
  Expenses:Food:Order                                267.00 INR

2025-06-22 * "VI" "Internet" #IITH
  Assets:Banks:Kotak
  Expenses:Utilities:Mobile                           48.00 INR

2025-06-22 * "Md Nadeem" "Snack in train" #IITH
  Assets:Banks:Kotak
  Expenses:Food:Outside                               30.00 INR

2025-06-22 * "Revanth Reddy" "Taxi to IITH" #IITH
  Assets:Banks:Kotak
  Expenses:Travel:TaxiBus                            900.00 INR

2025-06-22 * "Sanu" "Ice-cream" #IITH
  Assets:Banks:Kotak
  Expenses:Food:Outside                               70.00 INR

2025-08-12 * "IISERM Student Mess" "Food" #IISERM
  Assets:Banks:Kotak                                 -12.00 INR
  Expenses:Food:Jagdish                              12.00 INR

2025-08-14 * "IISERM Student Mess" "Food" #IISERM
  Assets:Banks:Kotak                                 -72.00 INR
  Expenses:Food:Jagdish                              72.00 INR

2025-08-18 * "IISERM Student Mess" "Food" #IISERM
  Assets:Banks:Kotak                                 -12.00 INR
  Expenses:Food:Jagdish                              12.00 INR

2025-08-19 * "IISERM Student Mess" "Food" #IISERM
  Assets:Banks:Kotak                                 -52.00 INR
  Expenses:Food:Jagdish                              52.00 INR

2025-08-19 * "IISERM Student Mess" "Food" #IISERM
  Assets:Banks:Kotak                                 -12.00 INR
  Expenses:Food:Jagdish                              12.00 INR

2025-08-20 * "IISERM Student Mess" "Food" #IISERM
  Assets:Banks:Kotak                                 -12.00 INR
  Expenses:Food:Jagdish                              12.00 INR

2025-08-20 * "IISERM Student Mess" "Food" #IISERM
  Assets:Banks:Kotak                                 -12.00 INR
  Expenses:Food:Jagdish                              12.00 INR

2025-08-21 * "IISERM Student Mess" "Food" #IISERM
  Assets:Banks:Kotak                                 -12.00 INR
  Expenses:Food:Jagdish                              12.00 INR

2025-08-21 * "IISERM Student Mess" "Food" #IISERM
  Assets:Banks:Kotak                                 -27.00 INR
  Expenses:Food:Jagdish                              27.00 INR

2025-08-22 * "IISERM Student Mess" "Food" #IISERM
  Assets:Banks:Kotak                                 -27.00 INR
  Expenses:Food:Jagdish                              27.00 INR

2025-08-23 * "IISERM Student Mess" "Food" #IISERM
  Assets:Banks:Kotak                                 -12.00 INR
  Expenses:Food:Jagdish                              12.00 INR

2025-08-23 * "IISERM Student Mess" "Food" #IISERM
  Assets:Banks:Kotak                                 -42.00 INR
  Expenses:Food:Jagdish                              42.00 INR

2025-08-26 * "IISERM Student Mess" "Food" #IISERM
  Assets:Banks:Kotak                                 -42.00 INR
  Expenses:Food:Jagdish                              42.00 INR

2025-08-26 * "IISERM Student Mess" "Food" #IISERM
  Assets:Banks:Kotak                                 -15.00 INR
  Expenses:Food:Jagdish                              15.00 INR

2025-08-26 * "IISERM Student Mess" "Food" #IISERM
  Assets:Banks:Kotak                                 -12.00 INR
  Expenses:Food:Jagdish                              12.00 INR

2025-08-27 * "IISERM Student Mess" "Food" #IISERM
  Assets:Banks:Kotak                                 -42.00 INR
  Expenses:Food:Jagdish                              42.00 INR

2025-08-28 * "IISERM Student Mess" "Food" #IISERM
  Assets:Banks:Kotak                                 -27.00 INR
  Expenses:Food:Jagdish                              27.00 INR

2025-08-28 * "IISERM Student Mess" "Food" #IISERM
  Assets:Banks:Kotak                                 -27.00 INR
  Expenses:Food:Jagdish                              27.00 INR

2025-08-28 * "IISERM Student Mess" "Food" #IISERM
  Assets:Banks:Kotak                                 -40.00 INR
  Expenses:Food:Jagdish                              40.00 INR

2025-08-30 * "IISERM Student Mess" "Food" #IISERM
  Assets:Banks:Kotak                                 -12.00 INR
  Expenses:Food:Jagdish                              12.00 INR

2025-08-31 * "IISERM Student Mess" "Food" #IISERM
  Assets:Banks:Kotak                                 -27.00 INR
  Expenses:Food:Jagdish                              27.00 INR

2025-06-24 * "EDIGA SOWJANYA" "Food court" #IITH
  Assets:Banks:Kotak
  Expenses:Food:Outside                              203.00 INR

2025-06-28 * "Sanu" "Paid back for recharge" #IITH
  Assets:Banks:Kotak                                1199.00 INR
  Assets:Receivables

2025-06-29 * "Kotak Credit Card Bill" "via CRED"
  Liabilities:CreditCard:Kotak                     20431.84 INR
  Assets:Banks:Kotak
  Assets:Wallets:CredCashback                        -10.00 INR

2025-06-29 * " ICICI Credit Card" "Credit Card Bill"
  Assets:Banks:Kotak
  Liabilities:CreditCard:ICICI                      4652.02 INR
  Assets:Wallets:CredCashback                         -1.00 INR

2025-08-04 * "Kotak Credit Card Bill" "via CRED"
  Liabilities:CreditCard:Kotak                     14340.99 INR
  Assets:Banks:Kotak

2025-08-04 * " ICICI Credit Card" "Credit Card Bill"
  Assets:Banks:Kotak                               
  Liabilities:CreditCard:ICICI                         17049.29 INR
  Assets:Wallets:CredCashback                         -7.00 INR

2025-08-04 * "Sapphiro Bill" "bill payment via cred"
  Assets:Banks:Kotak
  Liabilities:CreditCard:Sapphiro                  13287.32 INR
  Income:Cashback                                     -1.00 INR

2025-09-01 * "Kotak Credit Card Bill" "via CRED"
  Liabilities:CreditCard:Kotak                      6820.02 INR
  Assets:Banks:Kotak
  Assets:Wallets:CredCashback                         -3.00 INR

2025-09-01 * " ICICI Credit Card" "Credit Card Bill"
  Assets:Banks:Kotak
  Liabilities:CreditCard:ICICI                     5249.08 INR
  Assets:Wallets:CredCashback                         -1.00 INR

2025-10-02 * "Kotak Credit Card Bill" "via CRED"
  Liabilities:CreditCard:Kotak                      9767.32 INR
  Assets:Banks:Kotak
  Assets:Wallets:CredCashback                         -1.00 INR

2025-10-02 * " ICICI Credit Card" "Credit Card Bill"
  Assets:Banks:Kotak
  Liabilities:CreditCard:ICICI                     17868.79 INR
  Assets:Wallets:CredCashback                         -2.00 INR

2025-10-02 * "Sapphiro Bill" "bill payment via cred"
  Assets:Banks:Kotak
  Liabilities:CreditCard:Sapphiro                  99591.92 INR
  Income:Cashback                                     -1.00 INR

2025-06-29 * "Detoxie" "cream in CRED"
  Assets:Banks:Kotak
  Expenses:Shopping:HealthndWellness                  50.00 INR

2025-06-29 * "Zepto" "Grocery" #IITH
  Assets:Banks:Kotak
  Expenses:Food:Grocery                              473.00 INR

2025-04-23 * " Zomato Wallet " "Topping up zepto wallet"
  Liabilities:CreditCard:ICICI                     -2000.00 INR
  Assets:Wallets:Zepto                              2000.00 INR

2025-05-01 * " Foyer Hotel" "Forgot to cancel"
  Liabilities:CreditCard:ICICI
  Expenses:Travel:Accomodation                      1512.08 INR

2025-05-05 * "Zomato" ""
  Liabilities:CreditCard:ICICI                      -288.00 INR
  Expenses:Food:Order

2025-05-09 * "Zomato" ""
  Liabilities:CreditCard:ICICI
  Expenses:Food:Order                                214.40 INR

2025-05-10 * "IRCTC Eticketing" "Ticket CST-Pune"
  Liabilities:CreditCard:ICICI
  Expenses:Travel:Train                              710.17 INR

2025-05-11 * "IRCTC Eticketing" "Cancelled Refund"
  Liabilities:CreditCard:ICICI                       595.00 INR
  Expenses:Travel:Train

2025-05-12 * "Zomato" ""
  Liabilities:CreditCard:ICICI
  Expenses:Food:Order                                276.40 INR

2025-05-14 * "Zomato" ""
  Liabilities:CreditCard:ICICI
  Expenses:Food:Order                                227.05 INR

2025-05-15 * "Zomato" ""
  Liabilities:CreditCard:ICICI
  Expenses:Food:Order                                287.43 INR

2025-05-16 * "Zomato" ""
  Liabilities:CreditCard:ICICI
  Expenses:Food:Order                                285.70 INR

2025-05-18 * "Zomato" ""
  Liabilities:CreditCard:ICICI
  Expenses:Food:Order                                271.68 INR

2025-05-22 * "Zomato" ""
  Liabilities:CreditCard:ICICI
  Expenses:Food:Order                                262.23 INR

2025-05-25 * "Zomato" ""
  Liabilities:CreditCard:ICICI
  Expenses:Food:Order                                221.80 INR

2025-10-18 note Assets:Banks:Kotak "ff"

2025-10-04 * "FD PREMAT PROCEEDS" "FD interest"
  Assets:Banks:Kotak                                  14.00 INR
  Income:BankInterests

2025-10-04 * "FD PREMAT PROCEEDS" "FD interest"
  Assets:Banks:Kotak                                  40.00 INR
  Income:BankInterests

2025-10-03 * "DFD reduction" "reduction DFD"
  Assets:Banks:Kotak                                5000.00 INR
  Assets:Deposits:DFD

2025-10-03 * "DFD reduction" "reduction DFD"
  Assets:Banks:Kotak                                5000.00 INR
  Assets:Deposits:DFD

2025-10-03 * "DFD reduction" "reduction DFD"
  Assets:Banks:Kotak                               20000.00 INR
  Assets:Deposits:DFD

2025-10-03 * "FD PREMAT PROCEEDS" "FD interest"
  Assets:Banks:Kotak                                   3.00 INR
  Income:BankInterests

2025-10-02 * " MAYUR NANASAHEB SHELKE " "For him"
  Assets:Banks:Kotak                               -2000.00 INR
  Expenses:Family

2025-10-02 * "DFD reduction" "reduction DFD"
  Assets:Banks:Kotak                                5000.00 INR
  Assets:Deposits:DFD

2025-10-02 * " MUKUND NANASAHEB SHELAKE " "To pay the CC bill"
  Assets:Banks:SBI
  Assets:Banks:Kotak                               80000.00 INR

2025-10-02 * "MSEDCL Mahavitaran - Maharashtra Electricity" "Light bill"
  Assets:Banks:Kotak
  Expenses:Family                                   2920.00 INR
  Assets:Wallets:CredCashback                         -2.00 INR

2025-10-01 * "Quarterly Bank Interests" "3rd quarter"
  Assets:Banks:Kotak                                 369.00 INR
  Income:BankInterests









2025-09-27 * "Riya Pramanik" "pay back for ticket" #CERN2025
  Assets:Banks:Kotak
  Expenses:Travel:TaxiBus                            -330.00 INR

2025-09-24 * "DFD transfer" "Topped up DFD"
  Assets:Banks:Kotak                               -25000.00 INR
  Assets:Deposits:DFD

2025-09-23 * " SANGEETA NANASAHEB SHELKE " "fromhome for investing"
  Assets:Banks:Kotak                               50000.00 INR
  Expenses:Family

2025-09-22 * " SANGEETA NANASAHEB SHELKE " ""
  Assets:Banks:Kotak
  Expenses:Family                                   1000.00 INR

2025-09-14 * "Pravej Ansari" "Taxi TIFR-Airport" #CERN2025
  Assets:Banks:Kotak
  Expenses:Travel:TaxiBus                            645.00 INR

2025-09-13 * " MARATHA  STORES " "Grocery" #CERN2025
  Assets:Banks:Kotak
  Expenses:Food:Grocery                               20.00 INR

2025-09-12 * "Bigtree Entertainment (Book My Show)" "Demon Slayer Movie"
  Assets:Banks:Kotak
  Expenses:Entertainment:MoviesAndShows              167.70 INR

2025-09-12 * "LambaDevi" "Snacks at Jagdish"
  Assets:Banks:Kotak
  Expenses:Food:Jagdish                               10.00 INR

2025-09-11 * "Indian Railway" "Tickets for that family"
  Assets:Banks:Kotak
  Expenses:Travel:Train                               20.00 INR

2025-09-11 * "Indian Railway" "Tickets for that family"
  Assets:Banks:Kotak                                 -10.00 INR
  Expenses:Travel:Train                               10.00 INR

2025-09-11 * "Indian Railway" "Tickets for that family"
  Assets:Banks:Kotak                                 -10.00 INR
  Expenses:Travel:Train                               10.00 INR

2025-09-11 * "Indian Railway" "Tickets for that family"
  Assets:Banks:Kotak                                 -10.00 INR
  Expenses:Travel:Train                               10.00 INR

2025-09-11 * "Indian Railway" "Return to churchgate"
  Assets:Banks:Kotak                                 -10.00 INR
  Expenses:Skills:Guitar                              10.00 INR

2025-09-11 * "Nitish Kumar" "Taxi to churchgte"
  Assets:Banks:Kotak
  Expenses:Skills:Guitar                             105.00 INR

2025-09-11 * "Indian Railway" "Churchgate to Goregaon"
  Assets:Banks:Kotak
  Expenses:Skills:Guitar                              85.00 INR

2025-09-10 * "Lokesh Bhatt" "Eat out"
  Assets:Banks:Kotak                                -450.00 INR
  Expenses:Entertainment:Partying

2025-09-10 * "Lokesh Bhatt" "Conjuring Movie"
  Assets:Banks:Kotak
  Expenses:Entertainment:MoviesAndShows              200.00 INR

2025-09-10 * "LambaDevi" "Snacks at Jagdish"
  Assets:Banks:Kotak                                   -10.00 INR
  Expenses:Food:Jagdish                               10.00 INR

2025-09-10 * "LambaDevi" "Snacks at Jagdish"
  Assets:Banks:Kotak                                   -20.00 INR
  Expenses:Food:Jagdish

2025-09-10 * "LambaDevi" "Snacks at Jagdish"
  Assets:Banks:Kotak                                   -30.00 INR
  Expenses:Food:Jagdish

2025-09-09 * "FD PREMAT PROCEEDS" "FD interest"
  Assets:Banks:Kotak                                  28.00 INR
  Income:BankInterests

2025-09-08 * "DFD reduction" "reduction DFD"
  Assets:Banks:Kotak                                5000.00 INR
  Assets:Deposits:DFD

2025-09-08 * " VASCO WORLDWIDE INDIA P LTD " "Baggage Deposit" #CERN2025
  Assets:Banks:Kotak                                   -200 INR
  Expenses:Travel:VISAandInsurance                      200 INR

2025-09-08 * "Abdul Adul" "Tai to visa office" #CERN2025
  Assets:Banks:Kotak
  Expenses:Travel:TaxiBus                            270.00 INR

2025-09-08 * "Policy bazar" "Insurance" #CERN2025
  Assets:Banks:Kotak
  Expenses:Travel:VISAandInsurance                  4725.00 INR

2025-09-06 * "Manoj Kanijiya" "Dont remember"
  Expenses:Food:Outside                               35.00 INR
  Assets:Banks:Kotak

2025-09-06 * "FD PREMAT PROCEEDS" "FD interest"
  Assets:Banks:Kotak                                  27.00 INR
  Income:BankInterests

2025-09-05 * "DFD reduction" "reduction DFD"
  Assets:Banks:Kotak                                5000.00 INR
  Assets:Deposits:DFD

2025-09-05 * "Mahavir Computers" "Laptop repair"
  Assets:Banks:Kotak
  Expenses:Utilities:Electronics                    1600.00 INR

2025-09-05 * "LambaDevi" "Snacks at Jagdish"
  Assets:Banks:SBI                                   -10.00 INR
  Expenses:Food:Jagdish                               10.00 INR

2025-09-05 * "LambaDevi" "Snacks at Jagdish"
  Assets:Banks:Kotak
  Expenses:Food:Jagdish                               40.00 INR

2025-09-04 * "CMP PPI wallet" "Dont remember"
  Assets:Banks:Kotak
  Expenses:Food:Outside                              100.00 INR

2025-09-04 * "Bhagwan lal" "Dont remember"
  Assets:Banks:Kotak
  Expenses:Food:Outside                               10.00 INR

2025-09-04 * "Darshan Suresh" "Maybe something to eat at Ch"
  Assets:Banks:Kotak
  Expenses:Food:Outside                               20.00 INR

2025-09-04 * "Roshan Baban" "Maybe something to eat at Ch"
  Assets:Banks:Kotak
  Expenses:Food:Outside                               25.00 INR

2025-09-04 * "Ravi Prakash" "Fee for second guitar month"
  Assets:Banks:Kotak                                 -2100.00 INR
  Expenses:Skills:Guitar                            2100.00 INR

2025-09-04 * "Indian Railway" "TO Churchgate"
  Assets:Banks:Kotak
  Expenses:Skills:Guitar                              10.00 INR

2025-09-04 * "Vijay Kumar" "Auto to class"
  Assets:Banks:Kotak
  Expenses:Skills:Guitar                              30.00 INR

2025-09-04 * "Vijay Kumar" "Taxi to class"
  Assets:Banks:Kotak
  Expenses:Skills:Guitar                             700.00 INR

2025-09-04 * "FD PREMAT PROCEEDS" "FD interest"
  Assets:Banks:Kotak                                  52.00 INR
  Income:BankInterests

2025-09-03 * "DFD reduction" "reduction DFD"
  Assets:Banks:Kotak                               10000.00 INR
  Assets:Deposits:DFD

2025-09-03 * " COLABA SWEET MART " "Snacks"
  Assets:Banks:Kotak                                 -85.00 INR
  Expenses:Food:Grocery

2025-09-03 * " New Paris Saloon " "Haircut +"
  Assets:Banks:Kotak                                  -900.00 INR
  Expenses:Grooming:Haircuts                         900.00 INR

2025-09-03 * "LambaDevi" "Snacks at Jagdish"
  Assets:Banks:Kotak                                   -10.00 INR
  Expenses:Food:Jagdish                               10.00 INR

2025-09-03 * " SANGEETA NANASAHEB SHELKE " "To home"
  Assets:Banks:Kotak                               -5000.00 INR
  Expenses:Family

2025-09-03 * " Sanjeev " "Payback for laundry"
  Assets:Banks:Kotak
  Assets:Receivables                                    -50 INR

2025-09-03 * "Damensh" "Shirts and stuff"
  Assets:Banks:Kotak
  Expenses:Shopping:Clothing                        3846.49 INR

2025-09-01 * "Denver" "Deo"
  Assets:Banks:Kotak
  Expenses:Shopping:HealthndWellness                 692.55 INR

2025-09-01 * "LambaDevi" "Snacks at Jagdish"
  Assets:Banks:Kotak                                  -10.00 INR
  Expenses:Food:Jagdish                               10.00 INR

2025-06-30 * "Pravesh" "Pay back for Ramoji" #IITH
  Assets:Banks:Kotak                                1841.00 INR
  Expenses:Travel:Roaming

2025-06-30 * "Laltu" "Pay back for Ramoji" #IITH
  Assets:Banks:Kotak                                1828.00 INR
  Expenses:Travel:Roaming

2025-06-30 * "Quarterly Bank Interests" "2rd quarter"
  Assets:Banks:Kotak                                  52.00 INR
  Income:BankInterests

2025-07-04 * "Zomato" ""
  Assets:Banks:Kotak
  Expenses:Food:Order                                360.40 INR

2025-07-05 * "Kotak " "RD matured"
  Assets:Banks:Kotak                              341897.00 INR
  Assets:Deposits:RD

2025-07-06 * "Zomato" ""
  Assets:Banks:Kotak
  Expenses:Food:Order                                305.80 INR

2025-07-06 * "Zomato" "some pay back"
  Assets:Banks:Kotak                                 152.90 INR
  Expenses:Food:Order

2025-07-11 * "Waveline" "Swimming class"
  Assets:Banks:Kotak
  Expenses:Skills:Swimming                         30000.00 INR

2025-07-11 * " New Paris Saloon " "Haircut +"
  Assets:Banks:Kotak                                -900.00 INR
  Expenses:Grooming:Haircuts                         900.00 INR

2025-07-11 * "Rishabh " "Payback for Pizza"
  Assets:Banks:Kotak
  Expenses:Entertainment:Partying                    300.00 INR

2025-07-12 * "DFD transfer" "Topped up DFD"
  Assets:Banks:Kotak
  Assets:Deposits:DFD                             270000.00 INR

2025-09-05 * "LambaDevi" "Snacks at Jagdish"
  Assets:Banks:Kotak                                 -10.00 INR
  Expenses:Food:Jagdish                               10.00 INR

2025-08-31 * "Ankit Kumar" "Taxi from IISERM to Airport" #IISERM
  Assets:Banks:Kotak
  Expenses:Travel:TaxiBus                            340.00 INR

2025-08-31 * "Asif" "Taxi from Airport to TIFR" #IISERM
  Assets:Banks:Kotak
  Expenses:Travel:TaxiBus                            923.00 INR

2025-08-30 * "MV sales" "Dont remember" #IISERM
  Assets:Banks:Kotak
  Expenses:Food:Outside                               10.00 INR

2025-08-30 * "GPay" "Internet" #IISERM
  Assets:Banks:Kotak
  Expenses:Utilities:Mobile                           69.00 INR

2025-08-29 * "Vaango" "Eat out at mall" #IISERM
  Assets:Banks:Kotak
  Expenses:Food:Outside                              300.00 INR

2025-08-29 * "GPay" "Internet" #IISERM
  Assets:Banks:Kotak                                 -69.00 INR
  Expenses:Utilities:Mobile                           69.00 INR

2025-08-28 * "GPay" "Internet" #IISERM
  Assets:Banks:Kotak                                 -69.00 INR
  Expenses:Utilities:Mobile                           69.00 INR

2025-08-28 * "IISER Canteen" "Snacks" #IISERM
  Assets:Banks:Kotak
  Expenses:Food:Outside                               25.00 INR

2025-08-28 * "IISER Canteen" "Snacks" #IISERM
  Assets:Banks:Kotak                                 -25.00 INR
  Expenses:Food:Outside                               25.00 INR

2025-08-27 * "GPay" "Internet" #IISERM
  Assets:Banks:Kotak                                 -69.00 INR
  Expenses:Utilities:Mobile                           69.00 INR

2025-08-27 * "Vinay Kumar" "Zepto" #IISERM
  Assets:Banks:Kotak
  Expenses:Food:Grocery                              110.00 INR

2025-08-27 * "IISER Canteen" "Snacks" #IISERM
  Assets:Banks:Kotak                                 -40.00 INR
  Expenses:Food:Outside

2025-08-26 * "IISER Canteen" "Snacks" #IISERM
  Assets:Banks:Kotak                                 -25.00 INR
  Expenses:Food:Outside                               25.00 INR

2025-08-25 * "SAMAPTI" "Snacks on stairs" #IISERM
  Assets:Banks:Kotak
  Expenses:Food:Outside                               10.00 INR

2025-08-25 * "IISER Canteen" "Snacks" #IISERM
  Assets:Banks:Kotak                                 -25.00 INR
  Expenses:Food:Outside                               25.00 INR

2025-08-25 * "9876..." "Lunch with Soureek" #IISERM
  Assets:Banks:Kotak
  Expenses:Food:Outside                              150.00 INR

2025-08-23 * "GPay" "Internet" #IISERM
  Assets:Banks:Kotak                                 -69.00 INR
  Expenses:Utilities:Mobile                           69.00 INR

2025-08-24 * "IISER Canteen" "Snacks" #IISERM
  Assets:Banks:Kotak                                 -25.00 INR
  Expenses:Food:Outside                               25.00 INR

2025-08-24 * "GPay" "Internet" #IISERM
  Assets:Banks:Kotak                                 -69.00 INR
  Expenses:Utilities:Mobile                           69.00 INR

2025-08-23 * "SAMAPTI" "Snacks on stairs" #IISERM
  Assets:Banks:Kotak                                 -10.00 INR
  Expenses:Food:Outside                               10.00 INR

2025-08-23 * "IISER Canteen" "Snacks" #IISERM
  Assets:Banks:Kotak
  Expenses:Food:Outside                               40.00 INR

2025-08-21 * "Vinay Kumar" "Zepto" #IISERM
  Assets:Banks:Kotak                                -160.00 INR
  Expenses:Food:Grocery                              160.00 INR

2025-08-21 * "SAMAPTI" "Snacks on stairs" #IISERM
  Assets:Banks:Kotak                                 -10.00 INR
  Expenses:Food:Outside                               10.00 INR

2025-08-21 * "SAMAPTI" "Snacks on stairs" #IISERM
  Assets:Banks:Kotak                                 -10.00 INR
  Expenses:Food:Outside                               10.00 INR

2025-08-21 * "IISERM Student Mess" "Food" #IISERM
  Assets:Banks:Kotak                                 -12.00 INR
  Expenses:Food:Jagdish

2025-08-20 * "GPay" "Internet" #IISERM
  Assets:Banks:Kotak                                 -69.00 INR
  Expenses:Utilities:Mobile                           69.00 INR

2025-08-19 * "GPay" "Internet" #IISERM
  Assets:Banks:Kotak                                 -69.00 INR
  Expenses:Utilities:Mobile                           69.00 INR

2025-08-19 * "Mohd Kamil" "Zepto" #IISERM
  Assets:Banks:Kotak
  Expenses:Food:Grocery                              102.00 INR

2025-08-18 * "SAMAPTI" "Snacks on stairs" #IISERM
  Assets:Banks:Kotak
  Expenses:Food:Outside                               30.00 INR

2025-08-18 * "Zepto" "Grocery" #IISERM
  Assets:Banks:Kotak
  Expenses:Food:Grocery                              238.24 INR

2025-08-17 * "GPay" "Internet" #IISERM
  Assets:Banks:Kotak                                 -69.00 INR
  Expenses:Utilities:Mobile                           69.00 INR

2025-08-17 * "GPay" "Internet" #IISERM
  Assets:Banks:Kotak                                 -69.00 INR
  Expenses:Utilities:Mobile                           69.00 INR

2025-08-17 * "IISER Mohali" "Rent" #IISERM
  Assets:Banks:Kotak
  Expenses:Travel:Accomodation                      2800.00 INR

2025-08-16 * "Hosteller " "Breakfast" #Dalhousie
  Assets:Banks:Kotak
  Expenses:Food:Outside                              212.80 INR

2025-08-16 * "Tarundeep" "Maybe snack" #Dalhousie
  Assets:Banks:Kotak
  Expenses:Food:Outside                               20.00 INR

2025-08-16 * "Parveen Kumari" "Taxi to Khajjahar" #Dalhousie
  Assets:Banks:Kotak
  Expenses:Travel:TaxiBus                           1000.00 INR

2025-08-16 * "Baljeet " "That guy paid half of taxi" #Dalhousie
  Assets:Banks:Kotak                                 550.00 INR
  Expenses:Travel:TaxiBus

2025-08-16 * "Jitendar" "Taxi from Khajjihar to Chamba" #Dalhousie
  Assets:Banks:Kotak
  Expenses:Travel:TaxiBus                           1100.00 INR

2025-08-16 * "Google india" "Airtel recharge for someone"
  Assets:Banks:Kotak
  Expenses:Family                                    300.90 INR

2025-08-16 * "Snu Monu" "Taxi from stop to IISERM" #Dalhousie
  Assets:Banks:Kotak
  Expenses:Travel:TaxiBus                            200.00 INR

2025-08-15 * "Bani Bhushan" "Snacks maybe" #Dalhousie
  Assets:Banks:Kotak
  Expenses:Food:Outside                               45.00 INR

2025-08-15 * "Tandoons cafe" "Hot coffee" #Dalhousie
  Assets:Banks:Kotak
  Expenses:Food:Outside                              100.00 INR

2025-08-15 * "R G Collection" "Shawl?" #Dalhousie
  Assets:Banks:Kotak
  Expenses:Shopping:Souvenirs                        100.00 INR

2025-08-15 * "Himachal bus" "Bus from Dalhousi" #IISERM
  Assets:Banks:Kotak                                  -719.00 INR
  Expenses:Travel:TaxiBus

2025-08-14 * "Radha" "Taxi to bus stop" #Dalhousie
  Assets:Banks:Kotak
  Expenses:Travel:TaxiBus                            238.00 INR

2025-08-14 * "SAMAPTI" "Snacks on stairs" #IISERM
  Assets:Banks:Kotak
  Expenses:Food:Outside                               20.00 INR

2025-08-14 * "SAMAPTI" "Snacks on stairs" #IISERM
  Assets:Banks:Kotak
  Expenses:Food:Outside                               20.00 INR

2025-08-14 * "IISER Canteen" "Snacks" #IISERM
  Assets:Banks:Kotak                                -160.00 INR
  Expenses:Food:Outside

2025-08-13 * "IISER Canteen" "Snacks" #IISERM
  Assets:Banks:Kotak
  Expenses:Food:Outside                               40.00 INR

2025-08-13 * "Google india" "Jio recharge"
  Assets:Banks:Kotak
  Expenses:Family                                    100.00 INR

2025-08-12 * "IISER Canteen" "Snacks" #IISERM
  Assets:Banks:Kotak                                 -40.00 INR
  Expenses:Food:Outside

2025-07-14 * "Orthodox Church" "Fee of conference" #GreeceConf
  Assets:Banks:Kotak
  Expenses:Conference:Registration                 37084.00 INR

2025-07-14 * "MSEDCL Mahavitaran - Maharashtra Electricity" "Light bill"
  Assets:Banks:Kotak
  Expenses:Family                                   3140.00 INR
  Assets:Wallets:CredCashback                         -1.00 INR

2025-07-14 * "DFD reduction" "reduction DFD"
  Assets:Banks:Kotak                               20000.00 INR
  Assets:Deposits:DFD                             -20000.00 INR

2025-07-15 * " MAYUR NANASAHEB SHELKE " "For his college"
  Assets:Banks:Kotak                              -20000.00 INR
  Expenses:Family                                  20000.00 INR

2025-07-15 * "DFD reduction" "reduction DFD"
  Assets:Banks:Kotak                               20000.00 INR
  Assets:Deposits:DFD                             -20000.00 INR

2025-07-24 * "Nikhil Tanwar" "He took cash"
  Assets:Banks:Kotak
  Expenses:Unknown                                   -500.00 INR

2025-07-26 * "LambaDevi" "Snacks at Jagdish"
  Assets:Banks:Kotak                                 -40.00 INR
  Expenses:Food:Jagdish

2025-07-27 * "LambaDevi" "Snacks at Jagdish"
  Assets:Banks:Kotak
  Expenses:Food:Jagdish                               55.00 INR

2025-07-27 * "LambaDevi" "Snacks at Jagdish"
  Assets:Banks:Kotak                                -110.00 INR
  Expenses:Food:Jagdish

2025-07-27 * "LambaDevi" "Snacks at Jagdish"
  Assets:Banks:Kotak
  Expenses:Food:Jagdish                              105.00 INR

2025-07-28 * " MARATHA  STORES " "Grocery"
  Assets:Banks:Kotak
  Expenses:Food:Grocery                              225.00 INR

2025-07-29 * "LambaDevi" "Snacks at Jagdish"
  Assets:Banks:Kotak
  Expenses:Food:Jagdish                               80.00 INR

2025-07-29 * "Arief" "Dont remember"
  Assets:Banks:Kotak
  Expenses:Food:Outside                               90.00 INR

2025-07-30 * "LambaDevi" "Snacks at Jagdish"
  Assets:Banks:Kotak                                 -10.00 INR
  Expenses:Food:Jagdish                               10.00 INR

2025-07-30 * " MARATHA  STORES " "Grocery"
  Assets:Banks:Kotak
  Expenses:Food:Grocery                              241.00 INR

2025-07-30 * "Zomato" "Order"
  Assets:Banks:Kotak
  Expenses:Food:Order                                252.25 INR

2025-07-31 * "Challo App wallet" "Recharged the wallet"
  Assets:Banks:Kotak                                -100.00 INR
  Expenses:Travel:TaxiBus

2025-07-31 * "Satendra" "Maybe taxi to Cgate" #Guitar
  Assets:Banks:Kotak
  Expenses:Travel:TaxiBus                             93.00 INR

2025-07-31 * "Indian Railway" "Churchgate to Goregaon"
  Assets:Banks:Kotak                                 -10.00 INR
  Expenses:Travel:TaxiBus

2025-07-31 * "Indian Railway" "Churchgate <--Goregaon" #Guitar
  Assets:Banks:Kotak                                 -85.00 INR
  Expenses:Travel:TaxiBus                             85.00 INR

2025-07-31 * "Roshan Baban" "Maybe something to eat at Ch"
  Assets:Banks:Kotak                                 -25.00 INR
  Expenses:Food:Outside                               25.00 INR

2025-07-31 * "IRCTC Eticketing" "Ticket CST-Pune"
  Assets:Banks:Kotak                                -689.05 INR
  Expenses:Travel:Train

2025-08-01 * "Dattatrey Ramji" "Samosa after swimming"
  Assets:Banks:Kotak
  Expenses:Food:Outside                               32.00 INR

2025-08-01 * "LambaDevi" "Snacks at Jagdish"
  Assets:Banks:Kotak
  Expenses:Food:Jagdish                               25.00 INR

2025-08-01 * "Zomato" "Order"
  Assets:Banks:Kotak
  Expenses:Food:Order                                222.43 INR

2025-08-02 * "Dattatrey Ramji" "Samosa after swimming"
  Assets:Banks:Kotak
  Expenses:Food:Outside                               19.00 INR

2025-08-02 * "Abhijit vasant" "Some snack at CST"
  Assets:Banks:Kotak
  Expenses:Food:Outside                               25.00 INR

2025-08-02 * "Abhijit vasant" "Some snack at CST"
  Assets:Banks:Kotak
  Expenses:Food:Outside                               10.00 INR

2025-08-02 * "Jaysingh" "Cadburry in train"
  Assets:Banks:Kotak
  Expenses:Food:Outside                               50.00 INR

2025-08-02 * "VI" "Annual Recharge"
  Assets:Banks:Kotak
  Expenses:Utilities:Mobile                         1999.00 INR

2025-08-02 * "Rameshwar" "Auto Station to Home"
  Assets:Banks:Kotak
  Expenses:Travel:TaxiBus                            200.00 INR

2025-08-03 * "IRCTC Eticketing" "Ticket CST<-Pune"
  Assets:Banks:Kotak
  Expenses:Travel:Train                              744.05 INR

2025-08-03 * "DFD reduction" "reduction DFD"
  Assets:Banks:Kotak                                5000.00 INR
  Assets:Deposits:DFD

2025-08-04 * "FD PREMAT PROCEEDS" "FD interest"
  Assets:Banks:Kotak                                   9.00 INR
  Income:BankInterests

2025-08-04 * " SANGEETA NANASAHEB SHELKE " "to home"
  Assets:Banks:Kotak                                  -1.00 INR
  Expenses:Family

2025-08-04 * " SANGEETA NANASAHEB SHELKE " "to home"
  Assets:Banks:Kotak                              -20000.00 INR
  Expenses:Family

2025-08-04 * "Gopal Maruti" "Taxi from home -> Station"
  Assets:Banks:Kotak
  Expenses:Travel:TaxiBus                            220.00 INR

2025-08-04 * "MD Ahmed" "CST -> TIFR"
  Assets:Banks:Kotak
  Expenses:Travel:TaxiBus                            200.00 INR

2025-08-04 * "LambaDevi" "Snacks at Jagdish"
  Assets:Banks:Kotak                                 -10.00 INR
  Expenses:Food:Jagdish                               10.00 INR

2025-08-04 * "DFD reduction" "reduction DFD"
  Assets:Banks:Kotak                               65000.00 INR
  Assets:Deposits:DFD

2025-08-05 * "FD PREMAT PROCEEDS" "FD interest"
  Assets:Banks:Kotak                                 128.00 INR
  Income:BankInterests

2025-08-05 * "Sunil Kumar" "Chaat"
  Assets:Banks:Kotak
  Expenses:Food:Jagdish                              170.00 INR

2025-08-05 * "LambaDevi" "Snacks at Jagdish"
  Assets:Banks:Kotak                                 -70.00 INR
  Expenses:Food:Jagdish

2025-08-05 * "LambaDevi" "Snacks at Jagdish"
  Assets:Banks:Kotak                                 -40.00 INR
  Expenses:Food:Jagdish

2025-08-05 * "LambaDevi" "Snacks at Jagdish"
  Assets:Banks:Kotak                                 -40.00 INR
  Expenses:Food:Jagdish

2025-08-05 * " Sanjeev Bhaiya" "paid back for chat"
  Assets:Banks:Kotak                                  90.00 INR
  Expenses:Food:Jagdish

2025-08-05 * "Zepto" "Grocery"
  Assets:Banks:Kotak
  Expenses:Food:Grocery                              301.00 INR

2025-08-06 * "LambaDevi" "Snacks at Jagdish"
  Assets:Banks:Kotak                                 -40.00 INR
  Expenses:Food:Jagdish

2025-08-07 * "LambaDevi" "Snacks at Jagdish"
  Assets:Banks:Kotak                                 -10.00 INR
  Expenses:Food:Jagdish                               10.00 INR

2025-08-10 * "Shashikant" "Taxi to airport" #IISERM
  Assets:Banks:Kotak
  Expenses:Travel:TaxiBus                            699.00 INR

2025-08-10 * "IISERM" "Accomodation" #IISERM
  Assets:Banks:Kotak
  Expenses:Travel:Accomodation                      1400.00 INR

2025-08-10 * "GPay" "Internet" #IISERM
  Assets:Banks:Kotak                                 -69.00 INR
  Expenses:Utilities:Mobile                           69.00 INR

2025-08-11 * "Ritika" "Snack" #IISERM
  Assets:Banks:Kotak
  Expenses:Food:Outside                               51.00 INR

2025-08-11 * "Latha" "Snacks" #IISERM
  Assets:Banks:Kotak
  Expenses:Food:Outside                               45.00 INR

2025-08-11 * "Pradeep Chandra" "Maybe Umbrella" #IISERM
  Assets:Banks:Kotak
  Expenses:Utilities:Maintainence                    300.00 INR

2025-08-11 * "IISER Canteen" "Snacks" #IISERM
  Assets:Banks:Kotak
  Expenses:Food:Outside                               60.00 INR

2025-08-16 * "Sanjay Kumar" "Chai at chamba" #Dalhousie
  Assets:Banks:Kotak
  Expenses:Food:Outside                               50.00 INR

2025-04-06 * "Rukn Husain Merchant" "Snacks at Jagdish"
  Assets:Banks:DCB
  Expenses:Food:Jagdish                               43.00 INR

2025-04-10 * "Rukn Husain Merchant" "Snacks at Jagdish"
  Assets:Banks:DCB
  Expenses:Food:Jagdish                               42.00 INR

2025-04-12 * "Rukn Husain Merchant" "Snacks at Jagdish"
  Assets:Banks:DCB
  Expenses:Food:Jagdish                               43.00 INR

2025-04-13 * "Rukn Husain Merchant" "Snacks at Jagdish"
  Assets:Banks:DCB
  Expenses:Food:Jagdish                               18.00 INR

2025-04-13 * "Rukn Husain Merchant" "Snacks at Jagdish"
  Assets:Banks:DCB
  Expenses:Food:Jagdish                               10.00 INR

2025-04-18 * "Rukn Husain Merchant" "Snacks at Jagdish"
  Assets:Banks:DCB
  Expenses:Food:Jagdish                               43.00 INR

2025-04-18 * "Sahakari bhandar" "Grocery"
  Assets:Banks:DCB
  Expenses:Food:Grocery                              465.65 INR

2025-04-19 * "Rukn Husain Merchant" "Snacks at Jagdish"
  Assets:Banks:DCB
  Expenses:Food:Jagdish                               93.00 INR

2025-04-20 * "Rukn Husain Merchant" "Snacks at Jagdish"
  Assets:Banks:DCB
  Expenses:Food:Jagdish                                8.00 INR

2025-04-24 * "Rukn Husain Merchant" "Snacks at Jagdish"
  Assets:Banks:DCB
  Expenses:Food:Jagdish                               58.00 INR

2025-04-28 * "Rukn Husain Merchant" "Snacks at Jagdish"
  Assets:Banks:DCB
  Expenses:Food:Jagdish                               73.00 INR

2025-05-04 * "Rukn Husain Merchant" "Snacks at Jagdish"
  Assets:Banks:DCB
  Expenses:Food:Jagdish                               28.00 INR

2025-05-05 * "Rukn Husain Merchant" "Snacks at Jagdish"
  Assets:Banks:DCB
  Expenses:Food:Jagdish                               21.00 INR

2025-05-07 * "Rukn Husain Merchant" "Snacks at Jagdish"
  Assets:Banks:DCB
  Expenses:Food:Jagdish                               58.00 INR

2025-05-08 * "Rukn Husain Merchant" "Snacks at Jagdish"
  Assets:Banks:DCB
  Expenses:Food:Jagdish                               8.00 INR

2025-05-09 * "Rukn Husain Merchant" "Snacks at Jagdish"
  Assets:Banks:DCB
  Expenses:Food:Jagdish                               8.00 INR

2025-05-09 * "Rukn Husain Merchant" "Snacks at Jagdish"
  Assets:Banks:DCB
  Expenses:Food:Jagdish                               34.00 INR

2025-05-10 * "Rukn Husain Merchant" "Snacks at Jagdish"
  Assets:Banks:DCB
  Expenses:Food:Jagdish                               58.00 INR

2025-05-11 * "Rukn Husain Merchant" "Snacks at Jagdish"
  Assets:Banks:DCB
  Expenses:Food:Jagdish                               43.00 INR

2025-05-12 * "Rukn Husain Merchant" "Snacks at Jagdish"
  Assets:Banks:DCB
  Expenses:Food:Jagdish                               69.00 INR

2025-05-24 * "Rukn Husain Merchant" "Snacks at Jagdish"
  Assets:Banks:DCB
  Expenses:Food:Jagdish                               43.00 INR

2025-05-25 * "Rukn Husain Merchant" "Snacks at Jagdish"
  Assets:Banks:DCB
  Expenses:Food:Jagdish                               8.00 INR

2025-05-26 * "Rukn Husain Merchant" "Snacks at Jagdish"
  Assets:Banks:DCB
  Expenses:Food:Jagdish                               56.00 INR

2025-05-26 * "Rukn Husain Merchant" "Snacks at Jagdish"
  Assets:Banks:DCB
  Expenses:Food:Jagdish                               40.00 INR

2025-05-26 * "Rukn Husain Merchant" "Snacks at Jagdish"
  Assets:Banks:DCB
  Expenses:Food:Jagdish                               49.00 INR


2025-05-11 * "Zomato" "Order"
  Assets:Banks:DCB
  Expenses:Food:Order                                215.08 INR

2025-05-21 * "IRCTC Eticketing" "Dont remember"
  Assets:Banks:DCB
  Expenses:Travel:Train                              397.25 INR

2025-05-29 * "Zomato" "Order"
  Assets:Banks:DCB
  Expenses:Food:Order                                286.90 INR

2025-06-08 * "Rukn Husain Merchant" "Snacks at Jagdish"
  Assets:Banks:DCB
  Expenses:Food:Jagdish                               28.00 INR

2025-06-09 * "Rukn Husain Merchant" "Snacks at Jagdish"
  Assets:Banks:DCB
  Expenses:Food:Jagdish                               28.00 INR

2025-07-01 * "Quarterly Bank Interests" "2nd"
  Assets:Banks:DCB
  Income:BankInterests                               -12.00 INR

2025-10-01 * "Quarterly Bank Interests" "3rd quarter"
  Assets:Banks:DCB
  Income:BankInterests                                -1.00 INR

2025-10-27 * "Zomato" "Order"
  Liabilities:CreditCard:ICICI
  Expenses:Food:Order                                157.55 INR

2025-10-27 * "Zomato" "Sub"
  Liabilities:CreditCard:ICICI
  Expenses:Food:Order                                 30.00 INR

2025-10-25 * "Zomato" "Order"
  Liabilities:CreditCard:ICICI
  Expenses:Food:Order                                235.25 INR

2025-10-24 * "Zomato" "Order"
  Liabilities:CreditCard:ICICI
  Expenses:Food:Order                                259.40 INR

2025-10-23 * "Zomato" "Order"
  Liabilities:CreditCard:ICICI
  Expenses:Food:Order                                265.25 INR

2025-10-18 * "CERN FOYER-HOTEL" "Hotel" #CERN2025
  Liabilities:CreditCard:ICICI
  Expenses:Travel:Accomodation                     35269.15 INR
  Expenses:CC:Charges                                352.69 INR
  Expenses:CC:Tax                                     31.74 INR
  Expenses:CC:Tax                                     31.74 INR

2025-10-17 * "TPG TRANSPORTS PUBLICS" "Geneva" #CERN2025
  Liabilities:CreditCard:ICICI
  Expenses:Travel:TaxiBus                            340.92 INR

2025-10-13 * "SAILY" "eSIM" #CERN2025
  Liabilities:CreditCard:ICICI
  Expenses:Utilities:Mobile                          362.77 INR

2025-10-13 * "SELECTA SAS" "Snack at P5" #CERN2025
  Liabilities:CreditCard:ICICI
  Expenses:Food:Outside                              200.93 INR

2025-10-12 * "NYA " "Hot Chocolate" #CERN2025
  Liabilities:CreditCard:ICICI
  Expenses:Food:Outside                              136.72 INR

2025-10-09 * "L Aiguille" "Sunscreen" #CERN2025
  Liabilities:CreditCard:ICICI
  Expenses:Utilities:Maintainence                   1392.02 INR

2025-10-09 * "Telepherique de L " "Tickets for cable at Mont Blanc" #CERN2025
  Liabilities:CreditCard:ICICI
  Expenses:Travel:TaxiBus                          13571.72 INR
  Expenses:CC:Charges                                135.72 INR
  Expenses:CC:Tax                                     12.22 INR
  Expenses:CC:Tax                                     12.22 INR

2025-09-20 * "TPG" "Tickets to Geneva" #CERN2025
  Liabilities:CreditCard:ICICI
  Expenses:Travel:TaxiBus                            697.48 INR

2025-09-16 * "NYA " "Snack at Hotel" #CERN2025
  Liabilities:CreditCard:ICICI
  Expenses:Food:Outside                              197.03 INR

2025-09-16 * "NYA " "Hot Chocolate" #CERN2025
  Liabilities:CreditCard:ICICI
  Expenses:Food:Outside                              139.08 INR

2025-09-16 * "NYA " "Hot Chocolate" #CERN2025
  Liabilities:CreditCard:ICICI
  Expenses:Food:Outside                              139.08 INR

2025-09-15 * "Taxi GE" "Taxi to CERN" #CERN2025
  Liabilities:CreditCard:ICICI
  Expenses:Travel:TaxiBus                           4370.25 INR

2025-09-15 * " SOCAR STATION SERVICE " "Small Migros" #CERN2025
  Liabilities:CreditCard:ICICI
  Expenses:Food:Outside                              724.51 INR

2025-09-15 * "NYA " "Hot Chocolate" #CERN2025
  Liabilities:CreditCard:ICICI
  Expenses:Food:Outside                              139.11 INR

2025-08-30 * "Zomato" "Order"
  Liabilities:CreditCard:ICICI
  Expenses:Food:Order                                287.16 INR

2025-08-31 * "Zomato" "Order"
  Liabilities:CreditCard:ICICI
  Expenses:Food:Order                                212.61 INR

2025-09-01 * "Zomato" "Order"
  Liabilities:CreditCard:ICICI
  Expenses:Food:Order                                234.66 INR

2025-09-02 * "Zomato" "Order"
  Liabilities:CreditCard:ICICI
  Expenses:Food:Order                                302.11 INR

2025-09-05 * "Zomato" "Order"
  Liabilities:CreditCard:ICICI
  Expenses:Food:Order                                159.65 INR

2025-09-07 * "Zomato" "Order"
  Liabilities:CreditCard:ICICI
  Expenses:Food:Order                                259.40 INR

2025-09-07 * "Zomato" "Order"
  Liabilities:CreditCard:ICICI
  Expenses:Food:Order                                280.04 INR

2025-09-11 * "Zomato" "Order"
  Liabilities:CreditCard:ICICI
  Expenses:Food:Order                                732.48 INR

2025-09-14 * "Zomato" "Order"
  Liabilities:CreditCard:ICICI
  Expenses:Food:Order                                302.89 INR

2025-09-14 * "Vendiman" "Snack at airport" #CERN2025
  Liabilities:CreditCard:ICICI
  Expenses:Food:Outside                              100.00 INR

2025-09-12 * "Ing*VFS Global Service." "Return from VISA Appointment" #CERN2025
  Liabilities:CreditCard:ICICI                      1250.00 INR
  Expenses:Travel:VISAandInsurance

2025-09-08 * " VFS Global Services Private Limited " "VISA Appointment" #CERN2025
  Liabilities:CreditCard:ICICI
  Expenses:Travel:VISAandInsurance                  4600.00 INR

2025-09-06 * "Amazon" "Keyboard + Mouse"
  Liabilities:CreditCard:ICICI
  Expenses:Utilities:Electronics                    1300.00 INR

2025-09-03 * " VFS Global Services Private Limited " "VISA Appointment" #CERN2025
  Liabilities:CreditCard:ICICI
  Expenses:Travel:VISAandInsurance                  3940.00 INR

2025-07-29 * "Zomato" "Order"
  Liabilities:CreditCard:ICICI
  Expenses:Food:Order                                237.55 INR

2025-08-07 * "Zomato" "Order"
  Liabilities:CreditCard:ICICI
  Expenses:Food:Order                                258.55 INR

2025-08-07 * "Zomato" "Order"
  Liabilities:CreditCard:ICICI
  Expenses:Food:Order                                274.30 INR

2025-08-08 * "Zomato" "Order"
  Liabilities:CreditCard:ICICI
  Expenses:Food:Order                                254.35 INR

2025-08-17 * "Zomato" "Order"
  Liabilities:CreditCard:ICICI
  Expenses:Food:Order                                282.70 INR

2025-08-25 * "Zomato" "Order"
  Liabilities:CreditCard:ICICI
  Expenses:Food:Order                                212.45 INR

2025-08-14 * "Make My Trip" "Hostel at Dalhousie" #Dalhousie
  Liabilities:CreditCard:ICICI
  Expenses:Travel:Accomodation                      1418.00 INR

2025-08-06 * "Namecheap" "My website"
  Expenses:Utilities:Maintainence                   2099.88 INR
  Liabilities:CreditCard:ICICI

2025-07-29 * "Make My Show" "Fantastic Four"
  Expenses:Entertainment:MoviesAndShows              211.30 INR
  Liabilities:CreditCard:ICICI

2025-06-30 * "Zomato" "Order"
  Liabilities:CreditCard:ICICI
  Expenses:Food:Order                                310.00 INR

2025-07-01 * "Zomato" "Order"
  Liabilities:CreditCard:ICICI
  Expenses:Food:Order                                286.90 INR

2025-07-06 * "Zomato" "Order"
  Liabilities:CreditCard:ICICI
  Expenses:Food:Order                                246.37 INR

2025-07-06 * "Zomato" "Order"
  Liabilities:CreditCard:ICICI
  Expenses:Food:Order                                252.25 INR

2025-07-08 * "Zomato" "Order"
  Liabilities:CreditCard:ICICI
  Expenses:Food:Order                                375.10 INR

2025-07-09 * "Zomato" "Order"
  Liabilities:CreditCard:ICICI
  Expenses:Food:Order                                237.55 INR

2025-07-12 * "Zomato" "Order"
  Liabilities:CreditCard:ICICI
  Expenses:Food:Order                                258.55 INR

2025-07-13 * "Zomato" "Order"
  Liabilities:CreditCard:ICICI
  Expenses:Food:Order                                311.05 INR

2025-07-15 * "Zomato" "Order"
  Liabilities:CreditCard:ICICI
  Expenses:Food:Order                                229.15 INR

2025-07-16 * "Zomato" "Order"
  Liabilities:CreditCard:ICICI
  Expenses:Food:Order                                295.14 INR

2025-07-02 * " VFS Global Services Private Limited " "VISA Appointment (I forgot to cancel)" #CERN2025
  Liabilities:CreditCard:ICICI
  Expenses:Travel:VISAandInsurance                  3015.00 INR

2025-07-05 * "Amazon" "Masala Chai"
  Liabilities:CreditCard:ICICI
  Expenses:Food:Grocery                              534.43 INR
